2804 5062
147 368 216 441 212
388 392 450 445 ιιι.
471 393 507 444 ιι.
528 393 614 445 ιιιτ.
637 394 660 445 ι.
681 394 721 445 ιι
739 393 866 446 norror.
887 392 1015 444 scetes.

144 511 303 585 universa
328 511 398 585 lere
417 511 592 611 provincia
611 511 735 600 rediit,
764 536 827 585 nec
852 511 919 611 ipsi
943 511 1110 609 noninges
1136 510 1255 586 subditi

144 626 372 715 Palatinatus,
389 653 451 702 nee
467 626 620 728 episoopi
638 627 774 703 solliciti
791 628 885 702 luere
902 626 975 702 sive
990 626 1036 700 de
1057 626 1257 701 renovandis

142 742 386 830 matrimoniis,
413 759 513 818 antea
534 743 609 819 sine
631 743 738 818 lorma
763 742 935 818 tridentini
959 740 1170 828 contractis,
1194 742 1258 817 sire

142 857 186 930 de
212 857 425 958 procuranda
445 884 549 959 super
564 859 607 933 iis
624 858 898 959 dispensatione;
923 882 990 931 non
1017 855 1089 931 elia
1114 856 1258 959 prolecto

143 973 188 1046 de
208 998 333 1062 causa,
358 973 427 1048 nisi
448 974 540 1074 quod
564 975 613 1048 uti
638 973 753 1049 valida
769 973 975 1048 haberentur
993 972 1166 1048 eiusmodi
1185 998 1259 1047 eon·

141 1088 248 1185 lugia.
277 1088 415 1164 decedit
434 1089 525 1190 quod
552 1090 582 1164 si
608 1088 765 1164 alteruter
789 1087 1051 1163 acatholioorum
1077 1088 1256 1186 coniugum

141 1220 355 1279 eonvertatur
387 1232 571 1308 numquam
596 1206 818 1306 permittitur,
847 1221 884 1280 ut
912 1204 1057 1279 dimissa
1089 1203 1256 1280 haeretios

140 1334 250 1420 parte,
264 1345 388 1396 novum
400 1347 477 1396 cum
495 1320 660 1396 catholiea
676 1320 869 1419 eoniugium
887 1320 1030 1393 ineatur.
1047 1318 1162 1420 Atque
1179 1319 1254 1394 haer

140 1434 281 1536 quidem
298 1436 421 1534 agendi
439 1438 546 1525 ratio,
568 1463 657 1538 quae
674 1437 809 1511 tacitam
826 1434 990 1511 eeclesiae
1005 1434 1252 1510 conniventiam

139 1551 277 1651 prodit,
306 1553 496 1627 eommunis
520 1578 597 1628 esse
620 1550 765 1627 uidetur.

216 1667 250 1738 l.
278 1665 363 1754 Est,
392 1666 483 1768 quod
508 1693 575 1742 non
600 1667 701 1741 modo
725 1682 858 1742 constat
881 1666 926 1740 de
944 1665 1048 1740 taeita
1063 1665 1161 1741 sedis
1179 1690 1252 1766 apo

142 1781 282 1884 stolieae
307 1782 550 1870 eonniventia,
585 1807 700 1856 verum
732 1782 832 1856 etiam
856 1781 900 1855 de
923 1805 1099 1881 expressa.
1125 1779 1249 1855 Etenim

141 1896 321 1996 Gregorius
337 1896 421 1970 llVl.
438 1897 473 1970 in
494 1899 590 1972 Brevi
616 1897 660 1971 ad
683 1897 863 1998 episcopos
886 1895 1048 1972 Βιιιιὶιι
1068 1895 1163 1970 eirea
1187 1920 1250 1969 ma-

139 2012 297 2087 trimonia
317 2012 422 2086 mixta
443 2012 521 2087 dato
540 2013 597 2087 die
615 2015 673 2086 28.
691 2013 771 2088 Μιὶἰ
789 2014 897 2086 1832.
914 2012 1001 2087 inter
1017 2026 1152 2099 cetera,
1174 2011 1250 2085 beet

138 2153 228 2228 quae
252 2129 296 2203 ed
321 2145 534 2229 praesentem
567 2129 829 2204 controversiam
863 2128 1083 2216 relemntur,
1120 2127 1248 2201 edixitz‘

141 2244 253 2318 «Post
268 2245 353 2319 haee
368 2244 427 2318 vix
444 2260 515 2332 est,
536 2260 573 2319 ut
589 2244 703 2346 eliqua
721 2243 886 2318 addamus
908 2243 951 2316 de
969 2241 1046 2318 aliis
1065 2240 1139 2317 illis
1156 2241 1248 2341 longa

136 2359 350 2456 gravissimis
376 2361 514 2436 casibus
536 2360 739 2434 matrimonii
762 2360 849 2435 inter
869 2358 1053 2434 catholicos
1077 2373 1114 2433 et
1137 2357 1248 2433 heere·

137 2473 222 2547 ticos
247 2475 485 2564 contrahendi,
506 2477 542 2549 in
564 2475 689 2576 quibus
715 2502 795 2575 pars
821 2474 1008 2551 acatholica
1037 2473 1183 2549 haberet
1206 2474 1248 2548 oi·

136 2602 263 2660 reatem
286 2588 393 2662 odlruo
415 2593 559 2688 priorem
587 2592 774 2690 ooaiuqsm,
803 2617 824 2663 a
849 2616 917 2690 quo
941 2588 1083 2662 divortio
1108 2591 1247 2662 adunato

137 2703 251 2800 fuerit.
281 2703 415 2791 Nostis,
439 2731 516 2779 ven.
533 2704 673 2792 iratres,
698 2721 825 2805 quanta
844 2731 885 2778 ex
908 2703 1024 2777 divino
1044 2702 1121 2777 iure
1137 2704 1185 2778 sit
1201 2704 1248 2776 lir

135 2817 237 2891 mitas
254 2819 511 2894 matrimonialis
523 2820 669 2908 vinculi,
692 2820 783 2921 quod
802 2819 953 2919 separari
971 2818 1124 2893 humana
1142 2835 1248 2894 aucto

135 2929 234 3005 ritate
251 2957 319 3005 non
337 2947 458 3031 potest.
477 2933 589 3020 Quare
607 2934 857 3009 matrimonium
874 2933 1014 3007 mixtum
1033 2933 1069 3005 in
1087 2930 1247 3008 eiusmodi

136 3045 272 3122 casibus
286 3073 353 3121 non
371 3048 472 3123 modo
489 3049 605 3124 illicite
627 3050 741 3136 lieret,
763 3048 824 3124 sed
842 3047 971 3122 nullum
990 3073 1136 3146 prorsus
1154 3065 1246 3150 atque

134 3162 359 3237 adulterinum
386 3164 489 3252 soret,
512 3181 644 3265 praeter
668 3165 819 3266 quamsi
840 3164 968 3265 priores
993 3162 1073 3237 illae
1100 3166 1243 3267 nuptiae,

134 3305 222 3378 quas
249 3279 419 3355 haeretica
441 3307 520 3382 pars
541 3280 685 3354 divortio
707 3280 889 3355 dissolutas
912 3305 989 3354 esse
1008 3294 1184 3368 autumat,
1212 3280 1247 3352 ir·

135 3394 221 3467 ritae
233 3395 370 3468 omnino
383 3395 528 3469 luissent
541 3411 677 3495 propter
693 3394 851 3495 aliquod,
868 3394 960 3494 quod
973 3393 1041 3466 illis
1054 3420 1136 3468 uere
1149 3393 1245 3469 obsti·

132 3509 234 3598 terit,
264 3511 463 3585 canonicum
489 3511 652 3584 dirimens
679 3510 968 3612 impedimentum.
995 3511 1100 3584 Porro
1127 3511 1163 3583 in
1193 3535 1244 3610 po

132 3640 258 3700 stremo
282 3626 346 3700 hoc
371 3652 453 3700 casu
483 3652 550 3700 non
585 3625 693 3700 solum
728 3625 895 3701 servanda
920 3639 1017 3698 erunt
1041 3650 1083 3698 ea
1110 3627 1241 3710 omnia,

130 3767 220 3840 quae
244 3767 348 3841 supra
372 3740 463 3814 dicta
488 3758 585 3829 sunt,
608 3742 669 3815 sed
687 3741 874 3816 cavendum
893 3741 1048 3841 insuper,
1071 3757 1244 3816 uteorum

131 3855 245 3956 ipsum
263 3856 513 3931 matrimonium
531 3883 599 3931 non
617 3859 843 3958 permittatur,
861 3857 929 3930 nisi
947 3871 1130 3957 postquam
1147 3880 1243 3932 causa

131 3971 232 4070 primi
250 3972 409 4046 connubii
428 3973 471 4046 ab
489 3973 659 4049 haeretica
676 3990 770 4074 parte
795 3975 863 4047 iam
889 3987 987 4046 antea
1013 3971 1091 4046 initi
1117 3973 1244 4073 cognita

131 4083 231 4158 luerit
255 4086 485 4162 ecclesiastico
509 4089 635 4163 iudicio
659 4089 702 4162 ad
728 4114 894 4162 canonum
923 4112 1077 4161 normam
1104 4105 1242 4175 exacto,

130 4226 199 4301 quo
220 4201 426 4277 connubium
450 4204 539 4277 idem
566 4204 666 4278 luerit
692 4204 822 4278 irritum
837 4203 1044 4278 declaratum
1060 4205 1181 4302 (22).»

202 4355 253 4419 (ιι)
268 4353 340 4421 aput
356 4355 501 4424 amioum
513 4359 552 4414 Da
563 4359 680 4411 metrias.
693 4359 785 4412 mtatts
799 4361 868 4412 retr.
877 4357 938 4410 tour.
952 4358 984 4409 u.
994 4368 1050 4423 pag.
1062 4361 1122 4411 217.
