2804 5062
185 363 1124 421 marmorum.rorum.ramcuurmmmumraarrs.
1164 349 1228 422 lll

207 482 257 556 lle
281 498 391 557 tamm
414 483 583 584 quispiam
606 484 691 557 mihi
716 500 911 560 succenseat
937 487 1035 586 quasi
1057 485 1157 561 velim
1176 488 1234 562 ¹ci-

136 594 236 672 uilem
260 612 455 698 potestatem
481 596 568 671 ultra
591 597 740 695 debitum
757 613 923 688 coarcere,
944 597 1104 674 nonnulla
1132 599 1233 677 veluti

134 708 292 786 lemmata
322 713 379 786 hic
403 713 597 802 subiiciam,
625 739 711 815 quae
736 714 935 814 patefacient
958 741 1012 789 me
1036 715 1170 790 Caesari
1193 716 1234 790 il·

134 823 189 900 lud
217 827 356 902 reddere
379 828 470 930 quod
495 828 649 904 Caesaris
674 847 737 904 cst.

205 942 254 1017 Ac
274 946 381 1044 primo
406 943 504 1018 facile
528 945 693 1020 assentior
717 946 806 1044 leges
832 947 1019 1048 principum
1040 947 1137 1020 etiam
1151 947 1234 1026 inti-

133 1055 280 1145 delium,
299 1084 386 1159 quae
397 1059 546 1133 sancitae
558 1061 727 1135 luerintiu
740 1087 914 1136 commune
926 1061 1095 1136 societatis
1108 1060 1232 1136 bouum

133 1197 288 1273 quaeque
313 1198 379 1247 non
404 1174 622 1248 adversentur
646 1176 717 1249 siva
741 1176 805 1248 iuri
831 1174 972 1250 naturali
998 1176 1070 1251 sivo
1097 1174 1230 1266 divino,

131 1285 342 1387 obstringere
364 1287 517 1365 subditos
543 1291 579 1363 in
598 1291 821 1379 conscientia,
842 1291 926 1365 adeo
941 1304 979 1364 ut
995 1291 1051 1366 isti
1068 1307 1235 1390 nequeant

131 1399 208 1477 illas
233 1402 308 1477 sine
332 1420 469 1504 peccato
493 1405 684 1503 infringere.
705 1405 777 1480 Hoc
794 1408 883 1480 enim
900 1423 1015 1506 aperte
1030 1405 1128 1492 docet
1145 1407 1234 1508 Apo-

132 1515 239 1592 stolus
264 1517 476 1616 generalibus
494 1518 562 1593 illis
579 1520 708 1595 verbis:
724 1520 863 1596 «Omnis
882 1521 992 1595 anima
1014 1520 1233 1623 potestatibus

130 1629 384 1707 sublimioribus
409 1632 544 1710 subdita
569 1635 626 1708 sit.
655 1637 726 1709 Non
751 1651 804 1710 est
826 1635 916 1709 enim
945 1651 1091 1735 potestas
1120 1634 1187 1709 nisi
1212 1662 1233 1720 a

128 1744 220 1820 Deo:
242 1772 329 1846 quac
353 1763 462 1822 autem
487 1764 581 1837 sunt,
603 1749 708 1824 allec
733 1749 904 1823 ordinatae
928 1766 1017 1823 sunt.
1039 1751 1155 1849 ltaque
1173 1748 1230 1849 qui

129 1861 258 1936 resistit
282 1863 458 1963 potestati,
486 1864 547 1936 Dei
573 1864 773 1938 ordinationi
800 1864 935 1939 resistit.
954 1864 1023 1958 ,Qui
1048 1879 1159 1938 autem
1180 1890 1233 1938 re-

129 1975 276 2064 sistunt,
304 1977 371 2078 ipsi
395 1977 461 2052 sibi
477 1978 732 2057 damnationem
750 1980 969 2080 anquirunt...
993 1978 1071 2053 ldeo
1088 1979 1232 2054 uecessi-

129 2107 196 2166 tate
221 2090 348 2167 subditi
373 2109 501 2193 estote,
529 2120 596 2168 non
612 2095 731 2177 ,solum
750 2111 890 2196 propter
914 2094 1022 2183 iram,
1050 2094 1110 2168 sed
1131 2094 1230 2171 etiam

127 2221 274 2307 propter
288 2208 539 2297 conscientiam.
561 2209 640 2284 ldeo
665 2209 754 2283 enim
779 2225 813 2283 et
837 2206 960 2282 tributa
990 2208 1228 2308 praestatis...

126 2318 280 2396 Reddite·
293 2347 372 2420 ergo
396 2321 551 2397 omnibus
577 2322 782 2417 debitarum
802 2321 960 2397 tributum
978 2322 1155 2410 tributum
1176 2321 1231 2405 cui
1281 2397 1283 2402 .

126 2435 290 2536 vectigal,
317 2437 477 2536 vectigal;
498 2437 552 2512 cui
580 2437 753 2525 timorem,
781 2438 951 2526 timorem
972 2438 1026 2512 oui
1051 2438 1228 2525 honorem,

127 2548 288 2626 bonorem
322 2555 418 2650 (l).»
448 2553 578 2640 Quibus
604 2568 801 2628 consonant·
818 2580 905 2655 quae
936 2552 1037 2627 babet
1058 2552 1231 2654 Apostolo-

126 2691 201 2740 rum
215 2652 390 2768 -Prineeps
407 2670 477 2765 (t):
504 2666 646 2741 litante
670 2692 785 2741 omnes
811 2667 965 2759 Christus
990 2667 1153 2743 Dominus
1182 2667 1231 2741 di·

125 2805 223 2872 ceus:
243 2809 267 2849 s
279 2780 418 2855 Reddite
443 2806 521 2879 ergo
544 2806 632 2881 quae
648 2796 728 2857 sunt
743 2778 896 2856 Caesaris
914 2781 1067 2870 Caesari,
1089 2797 1122 2856 et
1142 2808 1229 2884 quae

125 2910 205 2967 sunt
228 2893 289 2968 Dei
313 2893 383 2969 llso
410 2898 507 2992 (d).»
535 2895 649 2969 Sermo
681 2921 780 2994 porro
803 2895 838 2971 iu
863 2893 920 2968 his
949 2894 1072 2996 estde
1105 2895 1230 2996 prinei·

124 3007 227 3110 pibus
253 3008 476 3085 infidelibus.-

187 3122 342 3197 Secaodc
366 3141 399 3198 et
422 3123 504 3227 illud
530 3124 616 3199 ultro
633 3125 872 3225 profiteor-vim
890 3150 987 3199 suam
1004 3124 1123 3199 horum
1139 3124 1230 3223 prin·¹

125 3235 238 3338 cipum
255 3236 345 3336 leges
359 3237 482 3313 babere
494 3265 559 3314 non
573 3237 672 3315 modo
684 3266 787 3340 quum
800 3238 929 3341 aliquid
942 3239 1124 3314 decernunt
1136 3239 1230 3313 iuxta

125 3350 231 3450 legem
257 3353 441 3428 naturalem
466 3380 508 3428 ao
530 3355 701 3442 divinam,
728 3354 967 3428 verumetiam
992 3379 1068 3428 cum
1098 3353 1228 3454 aliquid

125 3470 281 3544 sanciunt
313 3470 402 3571 quod
428 3472 472 3546 sit
496 3487 626 3572 praeter
656 3471 761 3570 legem
794 3470 977 3545 naturalem
1008 3497 1048 3544 ac
1077 3470 1225 3545 divinam

125 3584 321 3684 positivam,
349 3613 436 3686 quae
461 3586 607 3687 prolecto
632 3612 697 3661 non
729 3613 838 3687 pauca
866 3603 966 3675 sunt,
994 3601 1075 3686 quot
1107 3612 1228 3686 nempe

125 3715 265 3800 utreque
288 3701 341 3775 lex
365 3726 428 3775 neo
453 3702 615 3802 praecipit
639 3727 701 3776 neo
724 3718 824 3776 vetat.

194 3807 302 3889 lmmo
328 3819 420 3890 tertio
445 3816 533 3890 addo
558 3842 658 3916 posse
682 3817 850 3918 principes
868 3815 1020 3891 infideles
1037 3831 1228 3892 contractus

125 3931 179 4032 pui
205 3931 425 4004 adversentur
449 3931 585 4031 publico
609 3958 649 4006 ac
673 3932 788 4008 sociali
813 3932 901 4008 bono
919 3931 1128 4020 rescindere,
1148 3957 1228 4007 oon·

190 4151 228 4216 (a)
243 4153 391 4203 aonam.
407 4155 452 4202 r-r.
521 4152 523 4156 ·

189 4231 227 4296 (s)
243 4232 264 4282 1.
278 4232 343 4282 Patr.
354 4233 387 4282 11.
402 4237 438 4283 ts.

190 4312 227 4378 (a)
242 4312 331 4365 naun.
342 4313 419 4365 mr.
433 4318 471 4364 21.
