2804 5062
146 361 215 433 tto
337 380 406 438 ιιι,ι
419 379 457 433 ιιι
478 376 565 433 sacr.
586 379 716 431 utram.
738 379 778 430 nx
796 374 922 431 rorem.
942 377 1053 432 mvut.

139 515 276 602 peccata
291 502 453 600 aomipae,
475 515 505 574 et
518 501 651 573 Domini
661 500 838 573 aunuatim
850 499 1061 574 volantatem.
1077 496 1179 574 Stude
1190 502 1242 600 epi

145 632 199 690 tar
221 615 397 691 secandam
421 615 534 689 datam
559 616 621 688 tibi
643 615 803 688 divinitus
819 615 1026 715 facultatem,
1053 630 1184 690 tantum
1203 619 1245 689 ir·

145 735 225 806 cesti
253 733 409 832 facinere,
441 731 527 832 qaod
552 756 574 804 a
598 732 685 829 repis
708 731 781 831 filio
803 744 1024 829 perpetratam
1049 746 1121 817 est,
1150 730 1247 806 debito

144 849 267 921 ultioae
284 850 460 947 corripere:
477 863 515 920 at
530 847 583 922 oei
598 872 620 920 a
638 861 730 920 tanta
745 849 1006 946 praesumptione
1024 847 1183 933 desistat,
1205 846 1249 920 ool

145 964 296 1036 ecclesiae
313 965 480 1057 consortio,
502 977 532 1036 et
547 962 689 1036 seoabri
709 975 865 1060 potestate
886 964 1049 1062 precetur.
1067 962 1161 1059 Quid
1188 962 1250 1037 dati

146 1069 296 1167 iudices,
325 1104 386 1154 sou
410 1079 520 1178 potius
538 1078 618 1152 mali
636 1077 789 1152 vindices
806 1076 973 1176 designati
997 1079 1247 1167 constituerint,

146 1195 326 1268 memoriae
346 1194 514 1294 proditum
539 1220 607 1268 non
632 1208 694 1267 est.
713 1192 800 1266 lllud
817 1208 966 1282 constat,
988 1221 1029 1268 ex
1046 1220 1090 1269 eo
1113 1212 1252 1296 temporo

145 1308 320 1384 Allonsum
338 1309 373 1381 in
391 1307 565 1409 praesules
582 1308 703 1409 iniquo'
717 1308 831 1383 animo
847 1334 941 1397 esse,
963 1323 1068 1409 atquo
1086 1310 1176 1386 adeo
1193 1338 1253 1385 sao-

146 1416 219 1498 rire
242 1425 396 1524 coepisse
416 1427 554 1521 (1111),»
652 1507 656 1517 ,

208 1539 417 1615 'Universum
435 1539 595 1614 orationis
613 1540 734 1614 seriem
760 1538 837 1614 licet
861 1538 1074 1641 aliquantum
1098 1540 1252 1644 prolixam

148 1656 183 1729 in
201 1656 355 1729 medium·
367 1656 516 1757 proferre
532 1656 707 1744 constitui,
725 1671 795 1729 tum
812 1673 850 1730 nt
865 1673 1028 1758 appareat
1047 1657 1144 1732 mala
1162 1657 1253 1732 buius

149 1772 333 1879 adversarii
361 1772 463 1861 lidos,
491 1788 561 1846 tum
586 1773 686 1847 etiam
703 1786 845 1873 atquae
861 1797 924 1873 pro
941 1799 977 1846 re
996 1789 1117 1849 nostra
1137 1773 1254 1849 faciunt

147 1886 229 1960 inde
253 1904 423 1961 eruamus.

221 2002 357 2103 ltaque,
385 2017 424 2076 ut
447 2018 538 2103 patet
562 2028 603 2076 ex
627 2018 802 2093 contexta,
821 2002 923 2077 verba
940 2002 1017 2077 illa:
1045 2001 1204 2078 Nondum
1226 2005 1254 2076 ir

147 2117 291 2192 moribus
307 2133 468 2218 receptam
484 2132 569 2203 erat,
589 2133 628 2192 at
644 2119 834 2219 pontificum
855 2144 1063 2192 romanorum
1078 2123 1180 2194 oemio
1197 2121 1254 2220 lopo

147 2220 351 2335 copiatioais
375 2234 500 2320 solato,
529 2235 680 2335 eoaiepio
708 2236 793 2307 inter
821 2249 971 2334 copaotoe
1000 2237 1151 2321 coirent,
1181 2235 1254 2310 rese·

150 2363 269 2424 runtur
285 2349 328 2423 ad
346 2352 519 2449 antiquam
537 2348 772 2449 disciplinam,
794 2350 886 2423 iuxta
902 2376 1004 2450 quam
1027 2375 1099 2425 non
1122 2349 1255 2425 dabatur

148 2491 169 2538 a
188 2491 272 2539 rom.
289 2464 504 2564 pontificibus
523 2463 682 2538 relaxatio
700 2464 835 2564 praeuia
852 2463 896 2538 ab
920 2463 1184 2563 impedimento,
1205 2491 1255 2539 seu

150 2595 329 2679 antequam
357 2581 497 2655 iniretur
520 2581 734 2678 coniugium,
763 2580 822 2654 sed
848 2598 906 2653 aut
930 2579 1208 2656 dissolvebantur
1229 2582 1252 2655 si

151 2722 240 2795 quae
265 2712 432 2769 contracta
459 2697 619 2785 luissent,
648 2715 706 2771 aut
733 2696 943 2796 gravissimis
975 2697 1255 2772 intercedentibus

152 2810 266 2884 causis
292 2811 335 2884 ab
360 2810 521 2898 ccclesia,
550 2839 609 2885 seu
635 2839 655 2885 a
680 2838 763 2886 rom.
781 2812 996 2912 pontificibus
1030 2813 1253 2897 sanabantur,

152 2942 250 3024 prout
268 2926 424 3026 superius
443 2953 462 2998 a
479 2927 577 3000 nobis
595 2928 866 3001 animadversum
884 2945 946 3001 cst.
963 2928 1187 3028 Exploratum
1214 2945 1256 3003 est

150 3040 238 3113 enim
257 3041 300 3115 ob
317 3066 439 3114 causas
458 3069 544 3141 quas
563 3042 778 3143 exposuimus
793 3071 811 3116 a
826 3042 938 3117 seculo
957 3041 1034 3142 plus
1053 3045 1172 3119 minus
1188 3045 1252 3118 1111.

150 3156 304 3256 coepisse
322 3183 341 3228 a
360 3157 501 3230 summis
520 3158 733 3259 pontificibus
752 3157 825 3231 dari
844 3157 1081 3232 relaxationem
1102 3159 1146 3234 ab
1164 3161 1256 3259 impe

150 3271 308 3346 diruentis
335 3286 411 3346 ante
436 3275 626 3373 nuptiarum
652 3273 920 3349 celebrationem.

222 3391 271 3461 Ex
298 3390 353 3463 his
379 3391 536 3490 quocirca
561 3390 750 3487 colligimus
776 3417 841 3465 non
867 3417 906 3464 eo
933 3416 1036 3465 sensu
1063 3392 1153 3467 baec
1176 3391 1256 3465 dicta

150 3503 332 3577 allariana
349 3505 473 3592 luisse,
489 3505 580 3604 quod
598 3504 760 3578 hactenus
779 3505 1018 3607 impedimenta
1037 3507 1257 3581 relaxarentur

150 3646 170 3692 a
196 3620 428 3720 principibus,
455 3635 493 3694 ut
518 3622 688 3695 contendit
712 3623 867 3709 Nostius,
892 3637 925 3695 et
950 3638 1067 3722 postca
1096 3622 1257 3724 coeperint

150 3738 325 3836 pontifices
351 3738 478 3810 romani
503 3739 635 3811 veniam
658 3738 754 3825 dare;
788 3738 847 3811 scd
874 3739 964 3837 quod
990 3737 1058 3812 alia
1084 3737 1258 3813 obtinuerit

151 3853 185 3924 in
212 3854 354 3927 ecclesia
384 3853 564 3956 disciplina
589 3853 632 3927 ab
657 3881 697 3928 ea
727 3881 813 3954 quae
838 3870 957 3956 postea
979 3854 1121 3930 inducta
1146 3875 1208 3930 est.

224 3969 307 4040 Nam
336 3969 364 4042 si
392 3995 496 4070 penes
523 3969 690 4069 principes
725 3995 886 4069 regesque
917 3969 1084 4066 viguisset
1119 3987 1256 4073 potestas

152 4081 321 4156 relaxandi
354 4085 468 4183 leges,
504 4102 562 4159 aut
587 4112 732 4161 canones
762 4086 1009 4159 matrimonium
1043 4089 1253 4167 dirimentes,

151 4198 232 4295 quid
256 4225 341 4298 opus
369 4201 487 4274 suisset
511 4200 713 4276 relaxatione
739 4199 936 4301 pontificia?
957 4202 1077 4277 Nonne
1102 4203 1255 4305 potuisset

224 4350 289 4413 (1151
305 4352 362 4401 Loc.
373 4352 415 4402 cit.
429 4364 483 4415 pag.
496 4355 603 4414 tttseo.
