2828 5054
222 415 293 469 w.
305 417 341 468 ll
356 417 397 467 u!
410 416 497 468 scut.
509 418 632 469 Pom?
644 419 752 471 CONSV
765 422 830 472 m
846 421 940 472 mil
954 422 1019 472 ute
1033 423 1104 473 ARV
1113 425 1148 473 ll.
1213 403 1257 473 ⁴9

149 563 232 610 unus
252 536 399 636 proferri
422 525 529 635 possit
549 526 608 637 qui
630 563 706 611 cum
726 539 873 612 Launoio
890 534 1097 612 consentiat
1089 543 1260 641 ,positive

148 669 257 726 autem
283 677 324 724 ex
351 649 504 724 conciliis
536 652 822 750 provincialibus,
852 680 940 753 quae
972 646 1107 751 magno
1123 682 1261 741 numero

148 792 214 840 sec.
234 763 318 837 XVI.
340 763 510 838 celebrata
527 782 605 837 sunt
623 781 690 840 toto
708 793 792 866 pene
810 759 890 840 orbe
907 784 1069 842 terrarum
1087 763 1163 870 post
1180 796 1260 845 con·

148 879 278 954 cilium
287 879 527 964 tridentinum,
548 905 705 979 quaeque
723 899 936 955 recensentur
953 910 972 955 a
991 882 1100 956 Natali
1118 881 1261 958 Alexan-

147 995 258 1069 drosset
275 1020 297 1068 a
314 994 363 1066 lo.
385 994 562 1066 Dominico
586 989 693 1067 Marsi
711 997 799 1090 (tl).
822 997 912 1070 Haec
929 999 1202 1098 concilia-omnia
1214 1000 1260 1071 in

147 1109 233 1182 duas
249 1107 489 1208 utplurimum
517 1124 628 1206 partes
655 1109 764 1183 divisa
781 1130 882 1202 sunt,
906 1138 1048 1211 quarum
1068 1109 1159 1212 prior
1175 1140 1261 1188 com·

149 1222 306 1323 plectitur
324 1220 459 1296 decreta
481 1223 577 1308 fidei,
597 1225 761 1322 posterior
781 1225 913 1299 decreta
934 1222 1135 1328 disciplinae
1149 1285 1157 1315 ,
1173 1255 1261 1329 quae

149 1336 452 1438 comprehenditur
472 1337 666 1411 in'concilii
693 1340 863 1413 tridentini
896 1338 1064 1441 capitibus
1090 1342 1132 1415 de
1150 1337 1261 1418 ’refor-

149 1452 400 1526 mationo..lam
418 1452 663 1524 verounanimi
682 1451 903 1528 consensione
920 1473 1101 1530 memorata
1114 1452 1260 1534 concilia

149 1567 346 1666 profitentur
367 1593 405 1640 se
426 1565 551 1640 habere
567 1567 616 1639 uti
634 1566 860 1665 dogmaticas,
883 1569 922 1643 ac
940 1568 1115 1671 propterea
1140 1573 1182 1646 ad
1209 1598 1261 1645 ce·

150 1682 309 1757 thelicam
331 1682 430 1754 fidem
448 1699 639 1781 spectantes
656 1709 714 1755 eas
731 1683 942 1759 definitiones
960 1714 1047 1785 quas
1065 1688 1099 1757 in
1117 1689 1191 1761 suis
1208 1713 1261 1762 cu·

151 1794 303 1872 sonibus
316 1797 497 1869 tridentina
521 1796 673 1897 synodus
694 1797 856 1886 sancivit,
877 1799 1000 1874 deinde
1023 1827 1102 1875 uero
1122 1800 1167 1875 'ea
1190 1801 1261 1874 am·-

152 1911 343 2012 plectuntur
366 1938 455 2012 quae
478 1911 567 1984 circa
592 1912 804 2011 disciplinam
832 1915 865 1984 in
892 1915 1008 1987 eadem
1035 1916 1169 1988 luerunt
1185 1941 1261 1989 con-

151 2028 277 2101 stituta.
295 2026 475 2100 Ecclesia
466 2027 567 2123 igitur
586 2027 744 2099 universa
767 2027 960 2101 solemniter
980 2026 1148 2128 professa
1154 2027 1206 2103 est
1225 2053 1261 2104 ss

152 2157 323 2242 amquam
336 2141 544 2238 dogmaticos
563 2139 688 2214 habere
701 2165 847 2215 canones
863 2144 920 2214 lli.
936 2161 969 2216 et
983 2146 1032 2216 lV.
1047 2171 1133 2218 sess.
1144 2141 1256 2217 XXIV.

152 2253 191 2328 de
215 2253 497 2329 Matrimonia

216 2371 284 2442 si
273 2388 391 2470 itaque
408 2373 598 2455 criterium,
620 2397 688 2491 quo
705 2377 854 2448 omniurn
880 2372 1118 2449 catholicorum
1140 2318 1261 2448 suffra-

153 2488 202 2584 gio
233 2486 492 2584 distinguuntur
523 2515 668 2563 canones
699 2490 876 2587 dogmatici
909 2515 929 2562 a
958 2488 1257 2588 disciplinaribus,

154 2617 301 2701 spectato
322 2600 470 2689 obiecto,
488 2603 572 2690 fine,
589 2620 623 2677 et
640 2603 858 2700 intelligentia
875 2629 936 2675 seu
949 2605 1061 2675 mente
1077 2601 1258 2688 ecclesiae,

153 2716 338 2790 canonibus
362 2716 421 2788 lll.
443 2734 476 2789 et
493 2719 545 2789 lV.
567 2718 793 2819 applicemus,
814 2720 999 2818 reperimus
1020 2719 1055 2788 in
1074 2717 1128 2790 his
1145 2743 1262 2793 omnes

154 2831 353 2932 adimpletas
377 2856 454 2905 esse
479 2834 709 2920 conditiones,
737 2859 825 2933 quae
856 2833 900 2906 ad
922 2857 1067 2906 canones
1098 2833 1261 2930 dogmati-

155 2973 205 3020 cos
238 2942 497 3021 constituendos
529 2948 762 3047 requiruntur,
797 2974 860 3020 nec
883 2948 1024 3048 proinde
1057 2944 1116 3047 qui
1133 2947 1261 3020 {catho-

156 3059 249 3134 licam
274 3059 496 3161 profitcantur
520 3060 647 3149 fidem,
680 3087 738 3136 ecs
773 3061 979 3159 dogmaticos
1008 3086 1085 3137 esse
1114 3061 1260 3134 inficiari
1370 3128 1374 3136 .

156 3199 268 3273 We·
1050 3188 1053 3193 ⁵

224 3288 324 3376 Quae
339 3316 361 3361 a
377 3291 526 3366 launoio
542 3293 728 3366 afferuntur
745 3309 781 3365 ut
798 3293 1000 3366 contrarium
1014 3290 1172 3377 suadeat,
1189 3287 1262 3388 pao

155 3403 208 3477 tim
235 3402 326 3477 falsa
350 3422 448 3491 sunt,
473 3420 510 3478 ut
530 3423 621 3505 patet
644 3433 685 3479 ex
711 3406 774 3491 iis,
794 3431 881 3504 quae
906 3404 951 3477 de
969 3403 1099 3478 adiecto
1124 3402 1263 3477 anathe-

155 3535 242 3592 mate
258 3517 503 3606 disseruimus,
523 3520 644 3620 partim
670 3519 712 3592 ab
731 3519 794 3592 hac
812 3517 1008 3617 quaestione
1025 3534 1103 3592 suut
1124 3544 1262 3620 prorsus

155 3632 281 3718 aliena,
298 3632 489 3706 cuiusmodi
507 3649 588 3707 sunt
599 3659 685 3732 quas
699 3633 823 3732 profert
835 3632 925 3730 leges
938 3631 982 3705 de
997 3633 1263 3706 manumissione·

156 3770 327 3820 senorum
340 3770 383 3817 ex
395 3745 629 3846 episcopcrum
644 3746 767 3844 placito
780 3745 933 3819 iacienda
946 3772 985 3820 ac
997 3745 1039 3818 de
1051 3761 1260 3842 testamento,

154 3885 241 3960 quas
257 3858 336 3932 tulit
352 3857 591 3932 Constantinus
609 3860 809 3958 imperator,
829 3876 862 3932 et
877 3887 963 3960 quas
979 3858 1264 3933 emendassen-
1342 3944 1348 3952 .

154 3975 330 4049 firmarunt
346 3973 469 4073 synodi
486 3973 694 4048 Arausicana
712 3975 738 4046 l.
767 3973 970 4047 Arelatensis
989 3976 1031 4045 ll.
1053 3991 1086 4048 et
1109 3975 1264 4048 llatiseos

154 4088 270 4162 nensis
297 4086 340 4158 ll
370 4087 473 4182 (to);
503 4089 618 4188 Neque
642 4087 734 4210 enim
761 4089 796 4160 in
823 4088 865 4161 iis
890 4089 1000 4184 agitur
1025 4088 1067 4219 de
1092 4088 1264 4189 Ecclesiae

220 4279 272 4340 (ll)
289 4279 359 4328 aut.
373 4274 464 4327 melea.
480 4262 529 4327 sec.
547 4279 599 4327 xv
612 4260 639 4326 et
654 4275 717 4326 xvi.
732 4277 778 4326 art.
796 4263 853 4325 cum
868 4278 925 4327 nota
942 4278 976 4358 lo
991 4264 1060 4328 noui.
1077 4270 1169 4360 Mansa
1203 4234 1263 4275 ’·;,,

220 4358 365 4422 (taluam
379 4355 474 4420 opctt.
491 4349 959 4421 μι.1ιιι.ΧΝιιι.74ἰιιιιι
1021 4369 1024 4374 ·
1060 4358 1071 4373 ·’
1200 4380 1202 4387 ,
1199 4349 1261 4387 ·,.

234 4447 259 4501 ΙΙ
937 4494 943 4506 ⁸
1182 4449 1199 4498 ⁴
