2804 5062
145 368 189 437 eo
243 429 247 437 .
329 428 332 433 .
384 379 1006 438 ma.u.sncr.1.nnrorssr.aocnas.
1077 420 1080 425 .

215 504 361 579 Tandem
388 505 584 604 priusquam
619 501 683 575 hoc
713 499 885 574 absolvam
914 513 1148 596 argumentum
1179 495 1252 571 ani·

143 620 332 708 madverte,
362 636 458 720 prout
479 618 682 705 iaminnui,
710 616 802 691 haud
815 641 891 689 esse
909 612 1181 714 permiscendam
1198 640 1254 689 au·

144 737 330 812 ctoritatem
345 743 424 809 cum
443 734 647 810 auctoritatis
665 732 835 808 exercitio.
857 731 1030 832 Siquidem
1049 731 1250 818 auctoritas,

144 869 290 953 utpotea
302 851 437 927 Christo
452 850 615 924 ecclesiae
630 848 766 936 collata,
786 847 904 922 eadem
922 872 1054 947 semper
1071 847 1106 918 in
1120 872 1160 920 se
1179 871 1254 946 par·

145 976 258 1044 manet
271 968 378 1041 ¹firma
399 983 502 1068 atque
517 964 755 1052 immutabilia
782 963 977 1039 exercitium
1002 980 1114 1037 autom
1144 978 1254 1062 potest

145 1082 198 1156 vel
223 1107 363 1183 prensos
390 1082 532 1179 deesse,
562 1083 592 1155 si
624 1106 801 1182 supremos
827 1077 999 1177 legislator
1031 1103 1091 1178 pro
1123 1094 1254 1178 tempo-

146 1224 240 1286 rum,
270 1224 487 1298 personarum
511 1205 570 1272 aut'
591 1196 740 1272 locorum
764 1196 898 1269 diversa
919 1193 1113 1268 conditione
1133 1210 1251 1269 oensct

146 1338 220 1389 eam
251 1339 318 1390 nan
345 1322 423 1390 e'sse
453 1312 697 1388 exercendam:
729 1310 889 1411 expedire
916 1311 1017 1385 etiam
1049 1309 1255 1410 quandoque

147 1443 273 1526 potest,
292 1444 330 1503 ut
353 1445 498 1503 muwtur
525 1425 728 1502 exercendae
749 1425 926 1526 potestatis
956 1425 1059 1512 ratio,
1085 1424 1255 1525 siquiden

147 1540 329 1640 legislator,
352 1545 489 1618 mutatis
503 1569 613 1616 rerum
633 1541 820 1630 adiunctis,
836 1541 937 1616 etiam
955 1539 1173 1640 disciplinam
1192 1541 1255 1615 ino

148 1656 344 1748 mutandam
360 1683 437 1733 esse
454 1657 669 1744 iudicaverit;
697 1658 780 1757 quin
797 1682 840 1730 ax
855 1656 911 1730 his
934 1655 1111 1755 quidpiam
1139 1669 1255 1730 cenna

154 1787 352 1870 potestatem
373 1772 484 1872 ipsam
502 1771 613 1870 colligi
636 1771 758 1871 possit.
1130 1776 1133 1781 ’

221 1887 345 1960 Euhie
369 1913 513 1987 pronum
532 1903 584 1961 est
604 1886 750 1972 inlerre,
778 1911 846 1985 quo
870 1886 904 1957 in
930 1910 1033 1959 censu
1053 1883 1173 1959 haberi
1197 1883 1255 1960 dc-

149 1999 374 2102 baant,.quae
394 2002 576 2079 identidem
595 2001 638 2076 ab
651 2000 854 2101 apostolicae
873 2001 966 2075 sedis
985 2000 1142 2076 osoribus
1159 2000 1256 2076 obiici

150 2133 419 2204 consueverunt,
441 2118 531 2219 quod
555 2117 684 2193 scilicet
701 2117 858 2217 nuspiam
876 2116 1005 2215 legatur
1023 2116 1196 2192 eiusmodi
1211 2116 1256 2190 di

148 2231 381 2330 spensaticues
407 2259 489 2307 rom.
514 2232 666 2332 pontifici
682 2248 871 2306 reservatas
894 2258 988 2319 esse,
1013 2231 1073 2332 qui
1099 2248 1138 2307 ut
1158 2257 1256 2332 quse

147 2359 236 2421 stum
257 2345 373 2435 laciat,
390 2347 456 2423 sibi
471 2347 534 2423 soli
548 2348 603 2422 ius
622 2344 793 2420 relaxandi
807 2346 1047 2446 impedimenta
1066 2345 1256 2447 adscripse-

150 2462 209 2549 rit,
227 2488 288 2569 nec
315 2463 380 2561 nisi
408 2463 534 2561 ingenti
559 2462 680 2537 collata
703 2463 866 2562 pecurdm
890 2489 1020 2537 summe
1048 2461 1256 2538 consueverit

149 2598 207 2650 ees
224 2577 406 2651 concedere
419 2577 721 2678 dispensationes,
748 2603 846 2652 senus
865 2604 905 2651 ac
929 2577 1187 2679 praescripserit
1206 2577 1256 2652 tri·

148 2688 287 2796 dentiae
309 2691 462 2791 synodus
479 2693 561 2767 dum
578 2694 695 2768 statuit
711 2707 748 2766 ut
763 2694 869 2790 protis
886 2692 965 2765 illae
981 2691 1255 2767 concederentur.

219 2806 373 2881 Fatemur
396 2808 512 2895 enim,
543 2810 704 2908 nuspiam
737 2809 802 2906 legi
835 2808 1000 2883 eiusmodi
1035 2807 1256 2883 relaxationes

149 2922 354 3021 apostolieae
375 2923 450 2998 sedi
473 2925 660 3011 reservari,
690 2924 792 3025 idque
814 2924 941 3026 duplici
966 2925 1009 2998 de
1029 2950 1135 2998 causa
1159 2924 1208 2998 ita
1222 2948 1257 3000 se

147 3037 272 3113 habero
297 3039 506 3139 reponimus.
524 3039 636 3114 Prima
655 3039 739 3115 ratio
758 3055 829 3127 cst,
845 3066 948 3140 quam
965 3039 1185 3140 suppeditato
1200 3037 1257 3114 ad·

146 3154 286 3230 versarii
308 3155 394 3256 ipsi,
412 3155 503 3259 quod
518 3183 637 3256 nempe
660 3156 741 3230 olim
767 3182 833 3231 non
858 3155 1146 3243 concederentur,
1167 3153 1257 3228 adeo

150 3296 217 3368 que
242 3270 354 3347 nullus
378 3288 452 3347 erat
478 3271 692 3347 reservationi
715 3271 824 3346 locus.
848 3271 960 3345 Altera
983 3295 1066 3344 vero
1089 3270 1177 3344 ratio
1193 3285 1255 3345 est:

146 3386 228 3484 quia
252 3386 295 3460 de
315 3402 350 3461 re
374 3388 507 3484 agitur,
535 3401 624 3487 qnae
642 3399 702 3487 per
722 3413 759 3461 se
782 3385 932 3486 postulat
956 3385 1135 3483 potestatis
1161 3383 1257 3484 pleni

146 3497 321 3584 tudinem,
349 3527 436 3599 quae
458 3502 576 3576 solum¹
591 3503 760 3601 reperitur
783 3501 892 3575 autin
918 3500 1135 3574 oecumenico
1153 3499 1257 3574 conci·

145 3610 217 3697 lio,
248 3628 306 3686 aut
323 3615 364 3687 io
390 3642 530 3691 romano
554 3617 711 3716 pontifice
730 3616 763 3689 vi
782 3616 892 3716 ipsius
911 3616 1074 3716 primatus
1099 3614 1257 3690 divinitat

144 3727 241 3801 Petro
271 3727 412 3829 eiusque
440 3730 696 3803 successoribus
714 3730 839 3803 collati.

216 3841 362 3928 Quodsi
391 3869 477 3919 rom.
507 3844 702 3943 pontifices,
724 3844 873 3944 exceptis
895 3842 1100 3944 pauperibus
1116 3899 1123 3928 ,
1141 3841 1258 3943 quibet

143 3956 352 4056 dispensatio
369 3959 473 4056 gratis
495 3959 708 4044 conceditur,
726 3975 971 4032 consueverunt
994 3957 1159 4058 pecuniae
1180 3980 1258 4031 sum

143 4096 231 4143 mam
243 4072 395 4168 exigere,
412 4074 497 4148 haec
523 4099 589 4146 non
613 4073 660 4146 uti
676 4073 819 4173 pretium
832 4073 976 4170 exigitur
997 4072 1095 4146 datae
1110 4087 1170 4145 aut
1188 4069 1258 4145 dan

143 4184 207 4258 dne
232 4185 471 4277 relaxationis,
501 4190 592 4292 quod
616 4189 781 4264 absonum
809 4206 899 4262 esset
923 4189 973 4262 vel
1000 4187 1187 4287 suspicari,
1205 4185 1258 4260 sed

146 4318 180 4374 ot
199 4326 305 4402 poena
323 4303 372 4377 vel
395 4290 543 4392 mulcta,
573 4332 674 4404 quem
701 4321 836 4392 vocent,
861 4331 921 4404 pro
947 4329 1112 4380 canonum
1140 4328 1202 4376 seu
1221 4298 1258 4374 le
