2804 5062
151 362 255 432 tt·
390 374 451 434 mn
473 383 508 433 ιι.
529 374 615 433 secr.
638 384 661 433 r.
683 377 723 432 ne
741 383 865 434 rorem.
883 383 1008 435 eccere.
1093 371 1099 381 '

147 501 294 577 christus
319 490 395 588 est(
414 518 449 575 et
472 489 613 575 violator
636 488 824 576 naturee'et
840 527 918 575 reus
936 501 1048 576 laesae
1064 493 1252 580 maiestatis

145 617 278 692 divinae
299 619 412 714 (78).»
421 616 563 690 Domum
579 616 711 715 singula
725 617 963 719 impedimenta
975 640 1195 718 percurrens,
1213 621 1255 695 'de

147 733 385 836 impedimento
402 733 617 832 impotentiae
632 733 679 806 ita
697 732 829 807 subdit:
850 723 970 818 «Quod
988 733 1018 806 si
1031 724 1150 831 urgent
1162 725 1255 810 emor

145 847 346 933 iuventutis,
362 864 395 921 et
411 849 549 948 quaevis
568 847 635 922 elia
651 849 835 922 necessitas
853 863 989 947 propter
1006 848 1254 949 quamdiepee

145 976 198 1036 sot
214 963 329 1060 Papo,
351 962 526 1061 dispenset
548 964 646 1036 etiam
665 962 808 1063 quilibet
829 956 937 1036 lrater
953 989 1028 1037 cum
1053 962 1174 1053 fratre,
1198 982 1254 1040 sut

145 1077 221 1177 ipse
237 1070 313 1150 oum
330 1077 461 1178 seipso,
488 1093 584 1178 rapta
607 1105 667 1177 per
683 1079 747 1152 hoc
767 1069 945 1151 consilium
970 1103 1073 1151 uxore
1089 1079 1134 1151 de
1150 1104 1251 1153 manu

145 1184 392 1291 tyrannicarum
417 1192 526 1290 legum
551 1207 731 1291 utcumque
757 1193 937 1291 poterit...
954 1207 1013 1265 aut
1029 1190 1059 1265 si
1077 1218 1139 1291 pro
1159 1186 1253 1293 pecu·

147 1304 204 1379 nin
221 1304 529 1407 Papodispensat,
550 1335 610 1383 cur
627 1333 694 1380 non
718 1309 793 1406 ipsc
818 1332 879 1405 pro
902 1331 997 1379 meae
1021 1305 1141 1381 salutis
1167 1333 1254 1382 com-

144 1415 303 1496 moditate
328 1448 457 1496 mecum
483 1438 540 1496 aut
565 1449 641 1497 cum
666 1423 767 1495 lratre
791 1419 1009 1521 dispensem?
1024 1423 1150 1494 Statuit
1169 1423 1252 1522 leqee

147 1534 271 1634 Papo?
286 1536 356 1608 Sibi
383 1532 522 1623 statuat,v
551 1562 626 1610 mea
650 1536 745 1610 salva
768 1535 937 1623 libertate,
958 1534 1010 1609 rel
1035 1535 1167 1610 occulte
1184 1562 1254 1610 sur-

146 1665 240 1749 repta
256 1653 369 1747 (llis
385 1653 463 1724 Post
481 1651 565 1724 haec
582 1650 730 1749 prolecto
747 1648 861 1722 nullus
875 1637 1074 1748 relinquitur
1093 1649 1254 1747 tergiver-

145 1766 244 1841 sandi
262 1766 356 1840 locos
375 1766 416 1839 de
432 1793 473 1839 eo
491 1766 581 1867 quod
603 1765 668 1839 sibi
692 1765 839 1838 luriosus
863 1764 920 1837 hic
941 1763 1130 1838 haereticus
1156 1791 1253 1863 prae-

146 1876 308 1969 stituerit,
342 1882 422 1955 dum
453 1880 622 1954 invehitur
654 1881 690 1952 in
724 1879 807 1977 leqes
838 1879 1012 1951 hominum.
1037 1878 1120 1951 ¹Nou
1154 1880 1252 1955 modo

145 1997 234 2069 enim
246 2013 437 2070 constanter
448 1996 490 2069 de
503 2023 606 2097 papa,
621 1994 664 2069 de
677 1994 857 2096 pontificiis
869 1992 1012 2089 legibus,
1024 1991 1068 2066 de
1080 1995 1253 2094 episcopis

146 2107 313 2210 loquitur;
347 2111 407 2183 sed
439 2112 483 2183 de
516 2111 610 2183 laicis
640 2137 700 2183 seu
731 2107 940 2182 secularibus
969 2106 1181 2208 principibus
1211 2137 1252 2183 ne

146 2224 285 2297 verbum
301 2224 441 2325 quidem
457 2223 578 2308 habet,
599 2224 749 2323 adeoque
763 2249 823 2321 per
840 2223 923 2319 lepos
936 2221 1100 2293 hominum
1112 2248 1180 2297 non
1194 2250 1253 2323 pc

146 2339 208 2413 tuit
233 2339 325 2438 leges
350 2335 538 2439 principum
562 2336 771 2434 significare,
793 2361 902 2435 neque
926 2335 995 2409 ullo
1020 2334 1122 2411 modo
1147 2336 1253 2437 signi-

147 2453 246 2527 ficare
272 2455 426 2527 intendit.

218 2570 252 2640 2.
281 2569 352 2641 lloc
373 2568 483 2669 ipsum
501 2569 645 2642 elficitor
662 2595 702 2641 ex
719 2570 835 2642 eodem
854 2567 996 2643 Luthero
1017 2569 1250 2670 suimetipsius
1279 2588 1283 2596 ·

144 2682 332 2781 interprete.
354 2682 437 2755 Cum
455 2684 544 2756 enim
562 2682 757 2757 collectores
775 2684 990 2757 articulorum
1007 2683 1066 2783 qui
1080 2682 1250 2783 desumpti

55 2823 60 2832 ·
145 2811 223 2869 sun-t
233 2822 273 2870 ex
286 2798 360 2870 cius
373 2797 457 2871 libro
466 2800 514 2870 Dc
523 2802 710 2898 captivitate
723 2799 915 2899 babylonico
925 2799 1147 2873 intercctencs
1160 2799 1251 2872 hunc

138 2923 335 2986 ¹notassent:
355 2912 586 2987 «Christianis
603 2914 687 2985 nihil
706 2915 774 2988 ullo
792 2915 864 2988 iure
881 2940 980 3014 posse
993 2913 1250 3013 imponilegum

140 3019 218 3103 ¹sire
239 3025 438 3100 abhomine
461 3028 531 3101 sive
555 3029 598 3101 ab
623 3029 770 3126 angelis,
796 3029 863 3102 nisi
894 3045 1054 3128 quantum
1077 3025 1248 3115 voluut3n

144 3133 244 3243 llesp.
263 3143 364 3216 illoc
391 3169 456 3217 non
483 3143 526 3218 de
551 3143 706 3216 civilibus
729 3142 873 3239 legibus,
892 3143 952 3217 scd
970 3143 1008 3215 de
1025 3141 1251 3216 ecclesiasticis

145 3256 215 3329 dixi
228 3261 301 3356 (80)
311 3260 461 3332 .»Sermo
473 3283 552 3332 vero
565 3253 635 3331 erat
647 3258 681 3330 in
696 3255 754 3332 illo
765 3258 905 3331 articulo
918 3258 961 3330 de
976 3256 1180 3330 matrimonii
1193 3258 1253 3331 im·

139 3371 356 3468 pedimentis.
380 3374 544 3460 Rursum,
566 3399 641 3447 cum
664 3372 767 3444 iidem
794 3371 986 3444 collectores
1012 3371 1099 3443 inter
1121 3386 1251 3444 ceteras

144 3478 297 3558 eiusdem
322 3487 580 3562 haeresiarchae
602 3488 726 3586 impias
751 3487 995 3586 propositiones
1012 3483 1102 3558 hanc
1122 3485 1253 3561 retulis

134 3616 234 3673 ,seon
254 3600 373 3673 «Nullo
387 3602 623 3702 impedimento
637 3600 805 3700 prohiberi
818 3600 1077 3683 matrimonium,
1095 3615 1154 3671 aut
1171 3624 1252 3673 con·

142 3727 284 3790 tractum
301 3713 462 3803 dissolvi,
479 3733 709 3816 praeterquam
729 3716 836 3814 primo
853 3714 1026 3788 affinitatis
1044 3739 1084 3786 ac
1101 3714 1253 3789 secundo

143 3826 464 3929 consanguineitstis
489 3830 614 3929 gradu,
637 3857 746 3930 neque
765 3847 878 3922 tamen
899 3828 1169 3917 universaliten»
1189 3855 1252 3928 pa·

217 3999 346 4081 cerua.
384 4005 386 4008 ’
462 4006 464 4008 ’

217 4101 266 4162 oe)
284 4101 346 4151 rora.
1102 4163 1108 4172 q
1145 4164 1149 4170 .

111 4180 120 4195 “
214 4180 264 4242 (att)
280 4183 307 4230 lu
322 4195 361 4246 cp.
377 4186 514 4248 Responsio
529 4184 723 4247 extempororto
734 4181 769 4231 od
781 4179 907 4231 articulos
917 4190 981 4244 quos
993 4178 1114 4241 moeutrt
1124 4179 1208 4227 nostrl
1218 4191 1254 4229 et

144 4259 298 4322 botuloatco
311 4263 488 4327 (captivitate)
502 4266 696 4327 excerpserunt.
710 4266 772 4325 Opp.
784 4261 858 4311 Loth.
873 4262 977 4310 tomtt.
993 4259 1035 4342 tot.
1047 4261 1101 4308 to.
1115 4251 1197 4320 teron.
1209 4258 1252 4309 ed.

143 4340 214 4392 uase
226 4344 291 4392 titt.
