2804 5062
319 395 388 446 cir.
408 395 431 445 ι.
454 395 528 446 usu.
550 394 623 447 rost
649 396 773 448 rorasr.
798 399 923 450 socors.
947 401 1018 451 ιιι.
1039 403 1073 453 ιι.
1210 384 1253 454 ll

148 514 206 588 reli
233 514 327 588 iuxta
353 515 624 615 supputationem
651 517 871 604 canonicam,
902 543 1004 617 quam
1034 520 1139 621 aliqui
1172 526 1259 598 ellu-

149 631 274 705 tiebant
297 631 436 704 vetitam
461 630 554 704 haud
580 657 656 706 esse
682 632 717 704 in
743 633 910 723 Levitico,
933 636 1085 735 eoquod
1108 656 1260 735 ageretur

146 747 187 820 de
202 747 362 844 coniugio
382 746 531 821 ineundo
550 773 625 821 cum
643 774 758 823 sorore
778 749 894 823 uxoris
915 750 1110 840 defunctae,
1131 778 1189 826 eos
1208 781 1260 828 re-

144 861 279 961 darguit
300 862 438 935 innixus
459 861 696 935 consuetudini
717 863 899 952 ecclesiae,
915 879 945 937 et
957 868 1111 965 antiquae
1124 883 1260 965 potrum

143 978 320 1052 auditam
334 992 432 1076 utque
448 979 582 1051 statutis
600 995 787 1052 sanctorum
809 982 965 1054 virorum.
990 982 1046 1056 Sic
1064 984 1153 1056 anim
1175 985 1260 1057 scri-

143 1095 220 1168 bit:
253 1093 444 1167 «Primum
470 1093 563 1194 quod
588 1094 624 1168 in
648 1095 815 1170 eiusmodi
842 1097 944 1171 rebus
967 1098 1150 1172 maximum
1179 1116 1256 1188 est,

144 1237 265 1283 morem
292 1224 440 1282 ooatnrm
464 1210 601 1283 obiicere
628 1237 834 1311 possumus,
863 1230 900 1287 ut
922 1215 991 1287 vim
1018 1213 1104 1313 legis
1130 1214 1259 1289 baban-

146 1343 230 1413 tem,
256 1352 298 1401 eo
315 1325 409 1426 quod
432 1325 531 1401 nobis
552 1352 574 1398 c
596 1328 679 1399 viris
703 1331 826 1401 anoctis
853 1328 992 1402 traditae
1016 1345 1092 1402 suot
1111 1331 1256 1428 repulse.

149 1443 219 1519 ttos
244 1459 360 1517 autem
385 1441 445 1515 illa
466 1458 519 1516 ast
543 1442 729 1531 eiusmodi,
748 1460 787 1518 ut
803 1445 832 1518 si
851 1445 928 1544 quis
954 1446 1158 1545 impuritatis
1178 1448 1262 1523 vitio

149 1558 336 1660 aliquando
353 1558 463 1634 uictos
481 1559 516 1631 io
535 1557 687 1633 illicitam
713 1560 854 1634 duarum
881 1584 1033 1636 sororum
1058 1561 1262 1638 coniunctio·

147 1701 220 1749 nem
248 1674 423 1762 inciderit,
447 1701 558 1775 neque
575 1674 609 1746 id
628 1676 875 1751 matrimonium
897 1676 1122 1766 existimetur,
1151 1704 1261 1778 neque

146 1791 282 1866 omnino
310 1791 345 1863 in
371 1790 535 1864 ecclesiae
561 1806 691 1865 coetum
715 1791 930 1879 admittatur,
959 1793 1156 1892 priusquam
1182 1818 1262 1866 asa

149 1906 292 1980 inuicem
310 1904 525 1978 dirimanturss
543 1905 655 1992 Quare
672 1905 807 1979 etiamsi
828 1904 913 1976 nihil
933 1904 1024 1978 aliud
1045 1904 1112 1976 dici
1131 1922 1258 2003 posset,

150 2021 233 2093 satis
250 2037 340 2095 esset
356 2017 435 2119 ipsa
452 2017 658 2093 consuetudo
675 2017 719 2091 ad
735 2018 816 2092 boni
833 2018 1020 2092 custodiam
1039 2021 1153 2114 (13).»
1171 2018 1263 2093 llaec

150 2136 367 2223 consuetudo,
383 2135 468 2208 baec
482 2134 614 2233 regula,
637 2159 711 2208 mos
729 2133 785 2207 bic
806 2134 873 2208 vim
894 2133 978 2232 legis
996 2134 1152 2209 obtinens
1170 2161 1263 2234 repe-

149 2251 225 2325 titur
240 2278 262 2325 a
279 2278 311 2326 s.
327 2250 455 2325 Basilio
471 2279 512 2325 ex
537 2252 677 2351 antiqua
698 2251 895 2337 traditione,
917 2277 978 2324 sau
992 2251 1039 2323 ¹nb
1056 2267 1164 2324 aetate
1182 2250 1258 2338 illa,

149 2367 272 2468 inqua
298 2365 412 2439 adhuc
437 2365 580 2440 ecclesia
602 2366 666 2441 sub
692 2365 904 2466 principibus
929 2365 1072 2438 ethnicis
1098 2364 1259 2462 degebat,

149 2480 299 2582 alioquin
326 2507 445 2556 recens
469 2481 589 2555 luisset
614 2482 766 2556 eiusdem
789 2482 954 2556 institutio
973 2508 1013 2555 nc
1032 2480 1173 2581 proinde
1198 2507 1264 2554 me·

150 2599 266 2672 moria.
305 2597 376 2671 Hac
400 2598 443 2671 de
467 2623 571 2672 causa
588 2598 823 2674 documentum
847 2598 937 2671 istud
962 2595 1137 2671 retulimus
1161 2596 1263 2671 veluti

149 2731 307 2813 spectans
320 2713 363 2787 ad
377 2714 553 2812 epocham,
565 2703 654 2813 quae
669 2714 853 2814 praecessit
870 2714 1059 2813 principum
1073 2713 1264 2787 conversio·

152 2857 236 2905 nem.
253 2832 359 2905 Porro
376 2832 411 2903 in
428 2857 468 2905 eo
481 2858 523 2905 na
535 2830 673 2904 verbum
686 2830 824 2930 quidem
842 2830 885 2903 de
906 2831 1096 2930 principum
1114 2827 1258 2925 legibus.

219 2947 325 3021 Aliud
350 2947 454 3021 buius
478 2947 526 3021 rei
552 2947 788 3021 documentum
822 2945 918 3020 nobis
953 2944 1088 3019 exbibet
1113 2969 1174 3043 pro
1205 2941 1264 3014 illa

151 3081 259 3138 aetate
291 3062 472 3137 concilium
506 3061 772 3150 illiberitanum,
805 3062 896 3161 quod
922 3060 1021 3158 longe
1044 3055 1264 3133 verisimilius

153 3208 206 3254 an.
219 3180 340 3255 cccl.
358 3180 562 3255 celebratum
586 3196 659 3267 est,
679 3206 740 3253 scu
759 3178 950 3276 vigentibus
976 3175 1087 3248 adbuc
1112 3197 1265 3272 persecu-

156 3296 301 3373 tionibus
332 3299 422 3393 (ll).
445 3297 517 3372 Hoc
538 3297 628 3370 enim
653 3294 833 3371 concilium
860 3318 935 3365 can.
959 3291 1039 3360 Lxl.
1065 3286 1261 3361 constituit:

154 3414 314 3515 «Siquis
338 3429 416 3513 post
440 3413 568 3488 obitum
595 3411 709 3484 uxoris
734 3433 817 3483 suae
843 3429 989 3480 sororem
1010 3403 1085 3479 eius
1110 3401 1262 3488 duxerit,

151 3531 279 3630 etipsa
301 3528 405 3602 luerit
429 3527 556 3615 fidelis,
585 3523 854 3626 quinquennium
879 3520 1006 3623 placuit
1029 3518 1265 3629 communione

152 3642 323 3718 abatiam
339 3644 454 3739 (15).»
471 3643 514 3715 lit
531 3642 566 3714 in
582 3667 657 3714 can.
676 3638 781 3711 lxvi.
800 3636 950 3710 severius
964 3635 1076 3709 adbuc
1088 3633 1132 3708 ab
1146 3632 1264 3706 eodem

152 3759 296 3835 concilio
324 3759 446 3834 vetitae
471 3759 605 3831 luerunt
630 3756 768 3856 nuptiae
793 3755 879 3828 inter
904 3751 1124 3828 ascendentes
1150 3762 1183 3819 et
1206 3745 1265 3819 do-

154 3877 355 3952 scendentes
381 3877 416 3950 in
443 3876 552 3976 primo
585 3873 760 3949 affinitatis
791 3871 928 3969 gradu,
965 3865 1133 3967 siquidem
1169 3860 1262 3951 illis,

154 3994 212 4092 qui
243 4019 304 4068 eas
330 4007 570 4076 attentassent,
603 3989 766 4064 ecclesias
792 3986 983 4062 communio
1009 3983 1266 4080 inperpetuum

227 4219 280 4281 (tt)
296 4217 374 4281 Epist.
386 4218 458 4267 CLX.
473 4215 505 4265 sd
516 4213 652 4265 Diodorum
662 4226 686 4263 n.
698 4221 720 4262 2.
731 4212 771 4261 etl.
780 4213 859 4260 Maur.
872 4212 932 4258 tom.
948 4208 988 4257 ΙΙΙ.
1000 4220 1055 4270 pag.
1067 4209 1120 4257 119.

230 4300 283 4361 (rt)
295 4296 335 4347 cl.
345 4296 413 4347 ard.
424 4298 461 4347 De
472 4294 574 4359 aguirre
583 4291 681 4344 Gonctt.
695 4294 804 4355 ssopan.
816 4292 876 4340 tom.
889 4291 920 4339 11.
932 4285 991 4336 dlss.
1004 4289 1024 4336 Ι.
1033 4300 1059 4336 ιι.
1076 4294 1111 4336 ts.

228 4381 281 4441 (ro)
297 4378 364 4428 Acta
379 4389 451 4428 conc.
464 4373 583 4426 nardulo.
597 4375 658 4424 tom.
670 4373 689 4422 1.
700 4369 748 4421 col.
760 4376 815 4420 aas.
1174 4441 1196 4486 if
