2804 5062
130 368 1044 423 marcanesca.recursansrur.usra.nm.sar.rv.
1097 355 1168 426 ite

65 490 218 588 originem
243 489 348 563 ducit.
369 488 527 562 affinitas
553 491 668 578 enim,
698 517 786 590 quae
811 491 916 565 oritur
940 518 980 565 ex
1006 509 1083 566 actu
1109 495 1172 568 lor-

64 606 180 680 nioario
196 630 267 679 non
285 630 361 678 eam
379 605 564 704 praesefert
584 605 756 705 publicam
774 606 1020 696 indecentiam,
1041 635 1080 682 ac
1099 637 1173 709 pro

62 723 129 797 rude
152 719 334 822 publicum
356 721 575 811 scandalum,
597 749 686 822 quae
704 750 744 796 ex
766 724 923 821 coniugio
946 726 1032 798 inter
1052 727 1173 801 affines

62 863 94 909 er
115 836 272 936 legitima
297 835 425 937 copula
441 837 557 910 enasci
582 856 841 912 consueverunt.
871 839 1044 939 Siquidem
1068 843 1173 942 privi-

62 979 162 1051 gnus,
193 953 380 1054 privigna,
409 979 512 1051 gener
528 970 562 1027 st
579 981 684 1028 nurus
707 954 814 1031 donee
833 956 1082 1030 matrimonium
1100 984 1174 1057 per-

60 1068 206 1158 durarit,
229 1095 433 1156 novercam,
461 1095 636 1158 socerum,
665 1094 799 1145 socrum
815 1070 897 1145 'loco
922 1088 1099 1170 parentum
1116 1073 1174 1146 ha-

60 1184 217 1273 buerunt3
245 1201 365 1258 contra
382 1211 460 1260 vero
478 1213 555 1260 eum
573 1185 633 1286 qui
652 1185 836 1261 lomicatus
856 1187 955 1261 luerit
973 1213 1050 1262 cum
1068 1206 1173 1264 matre

60 1300 230 1390 damaeta,
257 1324 446 1402 numquam
470 1301 544 1376 loco
569 1302 675 1402 patris
706 1303 827 1376 habuit
855 1304 1046 1402 quispiam;
1074 1321 1174 1406 atque

58 1417 97 1490 ita
117 1443 222 1518 porro
248 1417 293 1490 de
317 1418 440 1493 ceteris
463 1418 608 1499 dicatur.
628 1419 737 1519 Atque
754 1419 839 1493 haec
857 1419 1047 1519 potissima
1052 1436 1104 1495 est
1120 1449 1174 1496 ra-

57 1533 115 1623 tio,
143 1560 256 1635 quare
283 1535 409 1608 summi
434 1535 641 1636 pontifices
633 1565 668 1611 ιιι
689 1536 874 1644 affinitate,
902 1537 945 1611 dc
971 1564 1039 1667 qua
1062 1537 1175 1612 disse-

59 1650 178 1738 rimus,
205 1651 379 1725 interdum
404 1652 662 1752 dispensarint,
692 1680 877 1752 numquam
901 1679 981 1750 uero
998 1653 1033 1725 in
1053 1653 1171 1781 altera,

61 1791 142 1866 quae
164 1792 209 1839 ex
235 1766 452 1849 matrimonio
476 1766 628 1866 legitimo
654 1781 903 1869 promanat:-

123 1880 217 1969 Qnin
244 1881 349 1955 etiam
374 1907 451 1955 cum
475 1883 610 1968 veniam
632 1885 853 1957 concederent
868 1899 906 1956 ut
923 1883 1076 1956 contrahi
1095 1910 1175 1982 pos-

63 2013 108 2070 set
127 1997 329 2095 coniugium
353 2023 430 2072 cum
456 2000 623 2075 eiusmodi
650 2001 754 2074 affine
770 1999 813 2073 ob
836 1999 990 2074 illicitum
1016 2026 1175 2074 commer-

62 2113 164 2204 cium,
191 2115 395 2216 opportunis
421 2115 566 2190 sollicite
592 2116 733 2192 cautelis
760 2118 802 2190 ad
829 2117 984 2218 quamvis
1003 2117 1067 2191 hac
1085 2117 1122 2190 in
1139 2143 1175 2191 re

60 2231 367 2331 aequivocationem
392 2234 614 2315 amovendam
640 2233 821 2307 utebantur
837 2235 951 2330 (137).
1040 2242 1044 2279 ³
1157 2240 1161 2247 ’

118 2347 174 2427 lie
197 2347 513 2447 dispensationem
532 2348 642 2447 primo
660 2348 835 2423 affinitatis
859 2349 967 2447 gradu
991 2347 1174 2422 collaterali

62 2464 105 2536 nil
122 2466 249 2539 attinet
265 2465 397 2554 dicere,
418 2486 495 2540 curu
512 2465 580 2538 iam
599 2466 833 2565 quaestionem
856 2465 945 2539 hanc
970 2465 1073 2564 paulo
1098 2481 1176 2540 ante

60 2580 439 2679 praeoccupauerimus..
452 2583 548 2655 Nunc
565 2607 670 2679 penes
697 2580 871 2679 theologos
896 2607 1014 2655 omnes
1032 2607 1073 2654 ac
1089 2580 1176 2657 iuris

59 2695 209 2771 canonici
241 2694 439 2795 interpretes
469 2695 678 2795 exploratum
703 2713 779 2782 est,
817 2695 959 2794 gradum
988 2695 1080 2771 huuc
1108 2721 1175 2771 nen

59 2829 208 2911 spectare
222 2810 267 2884 ad
281 2810 337 2882 ius
349 2827 488 2884 naturae
506 2837 624 2911 presse
642 2828 827 2912 sumptum.
844 2812 1009 2885 Discussa
1026 2839 1066 2885 ex
1084 2829 1177 2886 utra·

63 2951 121 3025 qne
145 2939 247 3028 parte
271 2925 425 3026 quaestio
442 2925 527 2999 haee
544 2952 666 3024 magno
685 2927 872 3002 animorum
892 2943 988 3001 aestu
1004 2926 1176 3027 quondam

60 3038 118 3115 fuit
144 3068 191 3121 ex
224 3040 436 3129 occasione,
472 3069 569 3142 qua,
606 3057 643 3114 ut
675 3041 853 3129 diximus,
890 3041 1056 3114 Henricus
1085 3040 1172 3111 viti.

58 3154 286 3231 contendebat
318 3156 447 3230 nullam
474 3184 514 3232 ac
539 3157 667 3230 irritam
691 3183 768 3231 esse
794 3157 1083 3257 dispensationem
1109 3153 1176 3229 sibi

58 3271 177 3347 lacum
200 3299 223 3346 a
240 3270 328 3346 lulio
354 3273 398 3345 ll.
422 3272 569 3348 ducendi
593 3272 810 3346 Catharinam
836 3298 1080 3370 aragonensem
1106 3297 1175 3346 ma-

31 3387 214 3463 trimonio
251 3387 444 3488 copulatam
474 3414 551 3462 oum
586 3388 745 3462 defuncto
774 3389 848 3461 eius
883 3387 984 3461 lratre
1012 3387 1172 3462 Arthuro.

56 3504 159 3579 Nemo
182 3530 275 3601 nunc
301 3519 457 3604 superest
476 3505 536 3605 qui
553 3503 667 3608 adhuc
689 3530 729 3579 ea
746 3503 790 3578 de
807 3530 842 3576 re
862 3504 1097 3604 quaestionem
1121 3520 1180 3580 aut

56 3618 199 3694 dubium
218 3635 364 3694 moveat.

124 3870 196 3937 (tsi)
211 3870 286 3929 Quod
298 3872 366 3935 patet
374 3885 405 3922 ex
417 3873 508 3923 recenti
519 3874 631 3938 exemplo
642 3873 667 3924 in
676 3887 750 3925 caum
760 3875 868 3938 quadam
881 3872 1079 3926 leodiensium
1089 3869 1178 3922 dieta.

57 3951 179 4016 septum
191 3964 235 4001 au.
249 3956 319 4003 tait.
332 3965 390 4001 cum
408 3951 551 4004 indulsisset
569 3967 682 4004 summus
703 3954 811 4016 pontifex
827 3954 961 4016 Gregorius
979 3953 1046 4000 xvi.
1061 3949 1177 4014 cuidam,

58 4032 166 4096 qucum
176 4030 296 4082 dduncta
305 4033 418 4096 putativa
427 4047 505 4084 uxore
514 4034 701 4085 matrimonium
712 4035 787 4085 civite
796 4036 905 4094 mutum,
919 4033 1031 4095 adeoquo
1047 4030 1179 4082 clandesti-

58 4125 115 4163 ιιιιιι
124 4114 151 4164 et
163 4112 263 4162 ἰιιίίιιιιι
282 4114 451 4175 contraxerat,
465 4117 561 4164 etcum
572 4115 643 4166 istius
655 4116 825 4178 praemortuas
841 4114 893 4165 iiiia
911 4115 1010 4178 nuptias
1030 4112 1178 4175 celebrarem

60 4193 128 4244 rinei
142 4195 227 4244 hm
241 4193 379 4257 apostolico
396 4195 484 4245 nuntio
498 4195 618 4258 iniunxit,
630 4197 659 4246 at
668 4198 754 4247 uotum
765 4197 834 4248 tieret
845 4195 951 4259 publicis
959 4195 1033 4247 ctiam
1043 4193 1178 4259 ephemeri·

61 4272 144 4335 iiius,
158 4274 257 4338 siopns
274 4273 377 4337 tussa,
387 4287 419 4326 aa
429 4276 501 4325 venia
513 4275 621 4328 duoendi
631 4277 769 4341 privignam
779 4289 809 4328 er
821 4276 931 4341 legitimo
946 4279 1028 4328 onam
1047 4276 1103 4326 toro
1122 4285 1180 4325 oon·

62 4366 124 4404 casa
133 4352 275 4417 rideretur3
288 4355 317 4405 ut
329 4367 361 4407 ex
371 4355 434 4406 sctis
442 4368 556 4420 congreg.
565 4369 628 4408 rom.
639 4358 744 4408 constat.
