2804 5062
213 118 1150 177 mr.nurnecnrorrsreosr.tanturn.matrinam.
1204 103 1249 177 tt

149 240 202 314 sod
220 267 263 316 ex
289 265 352 313 sua
381 237 507 337 pietate
521 253 556 311 et
575 238 611 310 in
631 238 809 314 eeclesiam
835 242 1061 340 propensione
1077 241 1121 317 ab
1136 267 1203 317 usu
1218 261 1253 320 et

149 356 300 429 exercitio
323 353 429 427 buius
446 353 622 453 potestatis
634 381 655 427 a
667 353 781 428 multis
807 355 873 428 iam
887 355 1012 430 seoulis
1031 355 1248 446 abstinuisse,

151 487 183 543 ιι
204 471 271 544 iam
289 466 422 542 nullum
444 483 622 543 censeatur
637 469 885 544 matrimonium
905 469 1139 558 christianum,
1161 473 1251 571 quod

147 585 283 659 molesia
302 583 371 657 tale
388 608 455 656 non
473 583 600 656 iudicat
615 587 703 679 (tto).
721 583 908 684 Toumelyo
925 576 1009 658 base
1035 585 1103 659 Soti
1122 603 1268 661 senten·¹
1305 608 1309 618 ·

145 700 181 773 tia
210 699 317 773 valde
343 698 480 782 arrisit,
508 712 664 797 tenetque
689 697 832 797 proinde
854 715 886 771 et
910 698 984 797 ipse
1009 697 1178 798 principes
1203 726 1253 774 se

143 814 270 887 talares
298 839 403 913 posse
421 811 659 911 impedimenta
677 811 925 885 matrimonium
952 813 1116 887 imitantia
1141 838 1180 887 ao
1203 816 1253 887 di·

145 929 296 1001 rimentia
322 928 427 1000 etiam
450 925 553 999 relate
569 925 612 998 ad
630 925 833 1000 christianos
852 925 1005 1001 subditos
1028 928 1248 1017 constitnere;

142 1057 190 1114 ast
207 1057 379 1140 temperat
396 1040 582 1113 doctrinam
600 1064 697 1112 suam
715 1031 879 1113 adiiciens
897 1043 962 1112 iam
980 1040 1094 1114 multis
1111 1041 1154 1114 ab
1172 1042 1252 1117 bino

143 1157 262 1230 seselis
279 1155 489 1229 christianos
511 1153 683 1253 principes
701 1171 759 1228 aut
779 1154 886 1241 nulla,
905 1173 963 1228 aut
979 1155 1096 1230 saltem
1115 1158 1250 1232 nonnisi

141 1270 348 1371 approbante
363 1284 398 1341 et
414 1284 631 1341 ooneurrente
647 1268 807 1355 eeclesia,
829 1271 988 1344 statuisse
1012 1270 1252 1368 impedimenta

141 1401 388 1458 aeramentum
415 1382 616 1455 matrimonii
642 1382 834 1456 dirimentis
861 1387 950 1480 (36).
977 1384 1092 1457 Eidem
1118 1402 1251 1458 senten-

141 1501 201 1573 tiae
220 1497 455 1596 adstipulatus
478 1514 530 1571 est
555 1499 629 1571 eius
653 1499 865 1573 eontinuator
889 1500 1005 1573 Petrus
1034 1499 1163 1585 collat,
1191 1501 1249 1598 qui

142 1614 251 1714 dures
275 1614 366 1688 alios
391 1628 561 1701 recenset,
590 1614 648 1713 qui
673 1640 746 1687 eam
770 1614 1007 1687 adstruxerunt
1033 1616 1122 1709 (tt).

210 1731 354 1802 bennum
376 1730 496 1803 oeteris
517 1729 781 1828 praetermissis,
803 1730 844 1800 D.
863 1728 984 1827 loseph
998 1729 1148 1801 Garriere
1162 1728 1252 1801 theo

144 1844 250 1944 logias
260 1845 436 1946 professor
447 1844 481 1916 in
495 1843 617 1918 celebri
627 1843 809 1918 seminario
822 1843 1011 1942 sulpiciano
1024 1842 1205 1943 parisiensi
1216 1844 1251 1915 in

142 1976 278 2035 tractatu
296 1960 342 2032 de
359 1960 570 2033 matrimonio
586 1960 817 2059 quaestionem
836 1959 923 2033 bano
936 1959 978 2032 de
1000 1959 1247 2044 ecelesiastica,

142 2076 247 2177 deque
263 2075 359 2149 ciuili
380 2090 543 2176 potestate
558 2075 781 2149 eonstituendi
801 2074 1042 2174 impedimenta
1059 2074 1250 2170 coniugium

141 2190 290 2265 bdelium
317 2189 512 2263 dirimentis
543 2190 680 2288 copiose
703 2189 873 2289 expendit.
906 2189 1092 2263 Constituto
1125 2213 1246 2289 porro,
1287 2236 1297 2256 .

141 2322 174 2379 ot
195 2305 300 2378 deeet
317 2303 509 2401 theologum
534 2303 735 2378 oetbolieum
762 2329 906 2402 eumque
927 2303 1043 2401 pium,
1064 2317 1248 2402 potestate,

140 2445 224 2520 quae
245 2417 412 2493 eeclesiae
424 2417 589 2503 convenit,
612 2415 752 2516 inquirit
764 2433 875 2490 utrum
890 2417 1008 2490 eadem
1027 2432 1175 2515 potestas
1194 2442 1251 2491 na·

142 2535 205 2609 tiro
230 2561 273 2608 ac
299 2532 483 2630 originario
508 2531 581 2606 iure
603 2531 745 2606 seculari
772 2531 973 2631 principatui
1001 2533 1125 2632 pariter
1148 2531 1249 2605 tribui

142 2648 273 2724 debeat.
303 2647 533 2748 Excussisque
550 2646 631 2721 bine
652 2647 732 2720 inde
744 2647 909 2722 rationum
930 2646 1109 2721 momentis
1126 2646 1251 2721 tbeolo

142 2790 258 2862 goram
284 2780 495 2850 exterorum,
527 2779 566 2836 ut
586 2764 661 2863 ipse
685 2762 856 2862 loquitur,
874 2762 933 2861 qui
959 2787 1034 2836 eam
1060 2762 1247 2859 denegant,

143 2895 171 2952 et
193 2877 384 2977 gallorum,
400 2878 459 2978 qui
484 2904 558 2951 eam
577 2877 773 2964 vindicant,
800 2877 947 2978 denique
971 2876 1072 2950 veluti
1099 2875 1252 2975 probabi·

141 2990 258 3068 berem
283 3018 362 3065 oum
384 2993 507 3066 Baeton
526 2993 743 3091 posteriorem
763 2992 962 3066 sententiam
979 2990 1154 3090 amplexus
1172 3006 1247 3076 est;

142 3108 218 3208 quia
245 3105 327 3204 galli
356 3106 487 3181 felicius
517 3133 594 3181 sese
617 3107 802 3208 expediunt
825 3105 868 3178 ab
901 3102 1154 3179 auctoritatibus
1179 3104 1252 3205 qui·

141 3219 202 3296 bus
237 3220 454 3323 potissimum
487 3220 674 3295 innituntur
698 3219 843 3317 theologi
874 3217 1047 3304 extranei,
1082 3220 1142 3319 qui
1176 3245 1249 3293 eam

142 3352 339 3437 potestatem
366 3352 512 3435 negant,
540 3361 643 3436 quam
668 3336 724 3409 isti
755 3333 942 3433 theologica
966 3351 1162 3432 argumenta
1183 3333 1251 3407 sol-

143 3468 237 3538 mut,
255 3449 382 3549 quibus
396 3466 546 3549 pugnant
559 3449 704 3546 theologi
718 3446 798 3549 galli
817 3450 859 3521 ad
877 3475 951 3522 eam
965 3448 1135 3522 tuendam.
1146 3446 1252 3520 Adeo·

143 3589 205 3663 que
222 3564 402 3640 eonstituit
419 3589 485 3637 non
510 3563 611 3637 modo
630 3565 794 3635 theoretice
820 3561 1078 3662 probabiliorem
1095 3585 1172 3633 osse
1183 3559 1252 3656 gul·

204 3751 256 3814 (⁸⁵)
272 3753 312 3802 De
336 3751 503 3801 tnatttatttons
527 3746 702 3800 ineuntem.
729 3751 771 3800 Tr.
788 3748 821 3800 de
845 3749 1021 3798 motrtmonto.
1047 3744 1127 3797 seatio
1150 3747 1192 3796 lv.
1209 3745 1251 3796 Di·

143 3828 311 3972 *tisino
324 3921 439 3960 socrant.
456 3910 573 3961 ιιιιιινιιιι.
592 3911 690 3966 Quaen.
700 3910 756 3958 vlt.
768 3908 815 3959 art.
829 3915 852 3958 t.
864 3907 971 3958 conotus.
992 3909 1012 3957 1.
1025 3908 1050 3958 et
1060 3906 1092 3956 ΙΙ.

202 3992 254 4054 (at)
270 3992 360 4042 itaet.
373 3989 407 4041 de
417 3992 533 4041 ιιιαινιιιι.
550 4003 604 4054 erp.
616 3991 670 4039 Vll.
681 3992 728 4040 art.
740 3991 771 4039 tt.
783 3988 892 4039 conotus.
904 4001 928 4038 n.
944 3995 983 4040 oo.
996 3988 1070 4039 refert
1080 4001 1125 4051 pro
1138 3986 1249 4052 bactpsa

142 4067 250 4132 minae
270 4072 371 4121 Ροιιιιιιι
390 4068 422 4120 de
440 4071 539 4132 Marna,
559 4068 642 4120 carol.
659 4067 851 4131 nonnullum,
865 4068 946 4119 carot.
964 4066 1105 4131 d’trgeutrt
1119 4068 1166 4117 eto.
