2804 5062
154 341 223 415 lod
394 359 457 415 urs.
477 359 513 414 tt.
534 358 621 413 eren.
642 359 666 410 1.
686 358 728 411 nr
744 357 870 411 sorren.
892 356 1021 411 seems.

152 480 197 559 ad
217 477 421 557 Clementem
445 478 544 568 uu,
572 478 647 579 ipss
668 476 867 579 rescripsit:
898 475 1023 552 «llaec
1053 474 1265 552 matrimonia

151 595 377 675 revelidamns
394 621 436 672 nc
457 593 572 671 valide
595 611 629 670 et
643 591 794 694 legitime
810 591 1024 671 decernimus
1045 590 1083 666 in
1109 591 1265 675 omnibns

151 730 187 791 et
208 739 270 817 per
291 711 429 801 omnia,
463 710 603 813 perinde
632 737 672 787 ee
696 710 726 786 si
748 709 793 786 ab
822 709 919 786 initio
947 723 982 785 et
1005 709 1042 783 in
1071 733 1193 789 eorum
1219 735 1268 785 ra·

150 828 244 919 dice,
264 827 404 928 praevie
420 826 600 903 sufficienti
616 823 887 927 dispensatione,
906 839 1080 899 eontracta
1096 821 1266 913 luissent;

150 944 281 1045 absque
304 968 346 1020 eo
370 941 462 1045 quod
487 941 538 1016 illi
563 942 623 1043 qui
653 942 704 1017 sic
734 940 984 1029 contraxerint,
1016 939 1269 1016 matrimonium

150 1059 195 1135 de
211 1083 298 1136 nevo
314 1056 528 1148 contrahere,
556 1083 619 1135 ssu
636 1083 761 1136 norum
786 1082 990 1135 eonsensum
1007 1071 1187 1158 praestare
1202 1054 1267 1134 ulle

150 1173 252 1251 modo
276 1173 465 1250 debeant.»

223 1290 376 1394 Cumque
403 1291 448 1367 ad
473 1291 706 1393 pontificatum
729 1288 942 1367 escendisset
966 1287 1061 1365 eard.
1088 1288 1270 1365 lamberti·

155 1405 234 1483 nius
257 1406 323 1481 snb
347 1407 485 1485 nomine
507 1406 678 1483 Benedicti
704 1406 788 1482 xlv.
817 1404 951 1507 etipse
977 1403 1105 1506 pariter
1131 1403 1271 1481 indulsit

149 1522 362 1599 sanationem
386 1523 422 1596 in
454 1522 568 1599 radice
596 1521 775 1597 cuiusdam
801 1520 975 1619 coniugii,
1003 1519 1097 1622 qnod
1128 1519 1271 1621 losspbu

152 1635 323 1713 violentes
340 1635 532 1740 lineriquez
544 1663 621 1712 enm
632 1636 800 1713 ludovico
818 1635 998 1713 Franciseo
1015 1634 1060 1709 de
1074 1633 1177 1712 desis
1194 1635 1269 1710 Sen-

152 1751 235 1828 cbez
255 1753 299 1827 de
317 1756 430 1829 Baenn
445 1779 507 1854 per
518 1769 769 1854 procuratorem
788 1753 922 1827 inierat.
942 1749 1115 1826 violentes
1132 1750 1270 1853 quidem

152 1867 308 1970 petebat,
335 1885 376 1946 ut
397 1868 593 1968 coniugium
626 1867 892 1956 rescinderetur,
921 1881 1035 1968 utpote
1060 1881 1268 1944 contractum

151 2008 230 2061 oum
251 1984 513 2087 impedimento;
533 1985 625 2087 quod
646 2011 722 2060 cum
747 1981 996 2061 sufficientibus
1013 1981 1269 2084 probationibus

149 2100 303 2177 evincere
327 2126 395 2178 nen
412 2100 613 2203 *potuissem
641 2101 837 2200 coniugium
865 2099 1074 2176 declaratum
1099 2099 1168 2175 luit
1187 2098 1269 2177 reli·

148 2213 243 2295 dum.
259 2217 494 2294 Verumtamen
510 2233 718 2319 compertum
736 2232 854 2318 postea
870 2231 923 2292 est
939 2215 1139 2315 coniugium
1159 2215 1268 2318 reipsa

146 2329 336 2408 invalidum
352 2333 460 2410 fuisse
475 2358 517 2410 eo
533 2332 625 2434 quod
642 2358 749 2436 quum
760 2331 887 2433 duplex
903 2331 1184 2434 impedimentum
1195 2357 1267 2434 pro

147 2446 350 2548 pinquitatis
369 2448 522 2537 adesset,
538 2475 599 2550 pro
620 2473 689 2525 uno
705 2463 835 2523 tantum
847 2446 986 2523 obtentu
1001 2447 1111 2524 luerat
1127 2447 1265 2549 dispen-

145 2563 246 2639 satio.
274 2562 326 2639 td
351 2563 555 2640 medendum
580 2565 661 2640 buic
677 2564 824 2640 delectui
849 2564 967 2640 Fraus.
991 2564 1035 2639 ds
1053 2566 1170 2641 crena
1185 2563 1267 2640 obti-

146 2693 268 2754 nuenat
294 2705 316 2755 a
340 2679 521 2756 benedicto
549 2682 633 2757 xlv.
663 2681 794 2757 litteras
821 2682 1028 2766 sanctorine,
1057 2672 1097 2756 ut
1119 2696 1263 2769 vocant,
1302 2750 1304 2753 .

145 2791 272 2893 quibus
288 2793 546 2894 dispensaretur
561 2795 597 2869 in
615 2796 746 2886 redioe;
762 2795 930 2872 eiusmodi
943 2794 1074 2870 litterae
1086 2794 1266 2896 dispensa·

145 2906 228 2983 bant
239 2906 284 2983 ab
300 2909 505 3008 obligatione
522 2912 749 2987 renovationis
767 2938 953 2987 consensus
971 2938 1012 2987 ex
1025 2926 1124 3010 parte
1133 2912 1266 2989 Violen-

146 3038 219 3112 tes,
246 3038 349 3123 atque
374 3022 596 3099 adiiciebntnr
621 3025 862 3101 relaxationem
892 3025 927 3098 in
958 3042 1027 3103 toto
1052 3051 1117 3103 suo
1150 3027 1266 3103 robore

143 3155 420 3238 permansurum,
448 3138 528 3216 lieet
544 3140 713 3215 Violenter
730 3141 765 3214 in
785 3158 958 3242 posterum
980 3141 1016 3214 in
1039 3143 1264 3240 cognitionem

142 3253 275 3330 ueniret
300 3253 447 3357 duplicis
479 3255 622 3332 huiusce
648 3255 925 3358 propinquitatis.
960 3256 1023 3331 Ast
1054 3257 1162 3357 paulo
1193 3271 1266 3360 poet

145 3368 225 3469 ipsa
257 3370 428 3460 ostendit,
461 3397 500 3448 se
525 3398 602 3447 eum
631 3372 768 3446 deretur
799 3371 931 3447 sanatio
965 3371 1032 3445 iarn
1064 3371 1263 3447 instructam

143 3481 251 3558 luisse
271 3482 315 3558 de
331 3484 459 3584 duplici
478 3487 738 3588 propinquitatis
757 3486 1016 3586 impedimento,
1037 3485 1194 3588 adeoque
1214 3487 1263 3562 in·

143 3596 275 3686 stebet,
293 3613 331 3673 ut
350 3601 544 3698 coniugium
566 3602 773 3690 solveretur,
801 3617 902 3702 atqm
921 3601 1052 3676 irritum
1070 3600 1259 3680 declarare·

142 3727 208 3790 tur.
237 3714 321 3788 'lum
346 3716 546 3793 Benedictus
570 3720 654 3792 xlv.
675 3717 857 3793 declaravit
874 3717 1068 3816 coniugium
1086 3743 1168 3793 vere
1189 3717 1261 3792 nul·

141 3826 212 3902 lum
237 3857 332 3920 esse,
361 3831 442 3933 qnia
455 3850 684 3933 exnnaparte
705 3860 859 3908 summus
874 3833 1022 3932 pontifex
1044 3833 1259 3907 concedendo

141 3943 350 4020 sanationem
379 3946 414 4020 in
446 3946 560 4022 radice
586 3962 697 4047 potest
725 3947 823 4036 illas,
849 3973 935 4047 quas
967 3961 1178 4045 opportunas
1208 3947 1259 4020 in-

141 4055 304 4135 dicaverit
322 4062 534 4137 conditiones
560 4089 749 4163 apponere;
777 4090 819 4137 ex
844 4061 947 4136 altera
975 4088 1054 4138 vero
1073 4079 1171 4160 parte
1189 4061 1258 4139 dis-

140 4174 295 4274 pensatio
331 4176 375 4251 de
410 4203 479 4280 qua
510 4177 674 4277 agebatur
708 4178 935 4253 conditionem
972 4175 1121 4253 babebat
1149 4177 1261 4280 impli-

141 4286 271 4379 citam,
302 4291 394 4393 qnod
426 4291 596 4372 lliolautee
625 4293 751 4397 duplex
785 4292 957 4370 vinculum
998 4291 1259 4398 propinquitatis
