2804 5062
247 358 316 429 296
479 378 541 429 ιιι.
562 378 598 428 ιι.
620 376 706 428 seer.
728 377 751 427 ι.
773 377 813 426 ιι
838 374 964 426 ιοιιιι.
984 374 1115 426 necess.

247 494 349 570 fidem
367 495 585 582 conterritum
608 520 689 568 num
706 493 836 567 scilicet
853 517 914 593 per
930 491 1140 592 baptismum
1165 490 1357 590 coniugium

247 609 291 684 ad
311 611 513 684 sacramenti
538 609 736 708 dignitatem
753 607 926 683 evehatur.
948 607 1112 695 Quamvis
1132 633 1215 684 vcro
1228 609 1265 680 in
1277 607 1359 682 libro

245 726 350 826 priori
381 725 513 826 aliquid
535 723 601 799 hac
622 724 665 798 de
685 724 883 825 quaestione
904 723 1136 821 attigerimus,
1166 723 1293 799 iuuerit
1316 738 1358 797 te

246 867 323 917 men
350 840 427 915 heic
447 840 581 942 plenius
602 840 755 914 eamdem
781 839 962 914 declarare.
1185 853 1187 856 ’

318 955 478 1030 ductores
500 955 559 1056 qui
580 955 623 1028 de
644 982 684 1030 ea
700 955 934 1031 disseruerunt
949 955 985 1027 in
1002 955 1191 1030 contraries
1209 954 1358 1029 distructi

247 1086 328 1147 sunt
339 1071 542 1160 sententias;
559 1071 728 1172 siquidem
741 1070 799 1145 alii
813 1086 952 1146 censent
963 1096 1025 1171 per
1036 1069 1248 1170 baptismum
1263 1068 1358 1144 evehi

247 1187 363 1287 reipsa
386 1187 580 1285 coniugium
605 1187 650 1262 ad
676 1187 876 1264 sacramenti
901 1186 1122 1284 dignitatem,
1147 1184 1209 1259 alii
1229 1183 1358 1261 veroid

247 1327 388 1404 prorsus
409 1302 614 1377 inficiantur.
632 1303 777 1378 Rursum
799 1299 912 1402 quoad
938 1300 1094 1402 praxim,
1119 1298 1275 1375 nonnulli
1293 1299 1359 1374 exi·

247 1433 332 1517 gunt
347 1434 386 1494 ut
407 1434 584 1494 renouetur
604 1417 780 1493 amborum
801 1417 983 1515 coniugum
1003 1441 1213 1504 cousensus,
1237 1430 1275 1489 ut
1296 1439 1358 1488 ma

248 1531 443 1607 trimonium
465 1549 575 1607 ratum
600 1531 783 1620 habeatur,
811 1529 871 1604 alii
894 1555 974 1606 vero
992 1529 1027 1604 id
1049 1544 1228 1630 respuunt.
1244 1526 1356 1603 Resin

248 1646 388 1746 ancipiti
411 1663 585 1735 versatur,
613 1647 810 1747 praesertim
835 1670 912 1719 cum
938 1671 1022 1721 rom.
1051 1642 1235 1745 pontifices
1259 1666 1358 1744 quae-

248 1762 392 1838 stionem
418 1762 508 1836 hane
532 1763 690 1836 dirimere
715 1761 855 1835 minime
884 1759 1077 1846 voluerint,
1106 1760 1268 1860 quamvis
1296 1783 1355 1832 uon

249 1877 362 1976 exigui
380 1877 538 1953 momenti
556 1903 596 1951 ex
613 1874 773 1951 alterutro
790 1874 914 1976 placito
934 1873 1112 1950 corollaria
1138 1872 1350 1949 descendant.

321 1994 389 2068 Nos
410 1993 588 2093 utriusque
604 1994 790 2066 sententiae
803 1989 1088 2066 siveaffirmentis
1111 1989 1185 2064 siue
1208 1987 1353 2088 negantis

248 2123 409 2208 patronos
430 2106 551 2181 saltem
573 2107 775 2208 praecipuos
801 2105 1050 2181 recensebimus
1067 2122 1136 2179 una
1153 2128 1234 2179 cum
1250 2101 1352 2178 funde

248 2222 371 2297 mentis
397 2221 523 2324 quibus
545 2237 689 2322 utraque
717 2222 835 2296 nititur
858 2221 999 2322 opinio,
1027 2244 1067 2294 ac
1090 2219 1173 2293 dein
1199 2219 1284 2322 qnid
1305 2240 1352 2292 re·

248 2335 427 2413 risimilius
449 2336 657 2412 censendum
680 2338 778 2412 nobis
801 2337 973 2425 videatur,
997 2359 1222 2438 exponemus

321 2453 447 2551 igitur,
474 2469 514 2527 ut
537 2478 558 2527 a
583 2470 676 2554 parte
701 2470 843 2551 negante
863 2452 1097 2540 exordiamur,
1121 2451 1270 2527 duorum
1288 2474 1352 2525 con

250 2569 368 2665 iugum
394 2567 601 2657 infidelium,
631 2594 707 2642 cum
731 2568 901 2669 baptismo
927 2566 1131 2654 lustrentur,
1160 2565 1351 2640 connubium

249 2699 497 2757 sacramentum
521 2683 593 2756 fieri
622 2683 694 2758 sive
725 2682 798 2758 sola
828 2682 988 2782 baptismi
1018 2682 1263 2781 susceptione,
1293 2680 1352 2753 sire

249 2795 430 2870 accedente
455 2823 542 2871 novo
564 2814 640 2898 post
660 2798 865 2898 baptismum
887 2823 1055 2871 consensu
1072 2797 1270 2871 inficiantur
1284 2796 1350 2868 Vas

249 2935 336 3010 quea
363 2913 429 3006 (3),
455 2911 593 2986 Pontius
622 2913 687 3009 (4),
710 2911 992 2986 Salmanticenses
1017 2914 1083 3007 (d),
1105 2911 1276 3011 Tournely
1295 2912 1347 3004 (6),

249 3022 355 3098 Collet
371 3027 435 3121 (Ἰ),
452 3024 592 3099 Billuart
608 3028 673 3122 (8),
690 3026 895 3100 Lecedemon
912 3030 977 3122 (9),
994 3024 1121 3124 aliique
1141 3026 1212 3100 iere
1230 3048 1344 3107 omnes.

251 3138 310 3240 qui
337 3139 523 3214 adhaerent
549 3141 734 3214 sententiae
759 3142 802 3215 de
828 3143 1000 3216 sacerdote
1026 3142 1229 3216 sacramenti
1255 3137 1345 3213 matri·

248 3255 353 3330 monii
376 3254 531 3330 ministro
547 3258 578 3352 (1
586 3256 636 3352 θ).
651 3256 870 3355 Praecipuum
891 3256 1030 3330 istorum
1052 3270 1283 3352 argumentum
1302 3251 1343 3323 de

249 3371 397 3448 sumitur
409 3396 450 3443 ex
463 3370 591 3445 ratione
605 3370 678 3444 sive
691 3386 812 3444 natura
829 3370 1051 3458 sacramenti,
1073 3370 1166 3470 quod
1188 3369 1338 3444 matenau

250 3500 284 3559 et
295 3485 435 3561 formem
450 3485 605 3559 idoneam
618 3485 782 3586 exposcit:
796 3486 861 3560 iam
875 3511 954 3559 vero
971 3486 1037 3559 hae
1054 3485 1172 3560 heberi
1195 3491 1338 3585 nequeunt

321 3773 356 3836 (t)
371 3776 409 3823 De
424 3776 542 3823 matrim.
555 3772 617 3836 dtrp.
629 3774 661 3821 11.
672 3785 725 3836 cap.
737 3775 767 3821 V.
777 3773 802 3822 et
814 3775 873 3822 tour.
887 3774 917 3822 ΙΙ,
929 3771 955 3821 in
967 3778 988 3821 ι.
1000 3785 1024 3834 p.
1036 3770 1099 3834 disp.
1112 3778 1163 3823 tte.
1173 3785 1196 3823 o.
1205 3778 1229 3822 ⁵.

323 3851 358 3916 (⁴)
375 3851 429 3903 Lib.
443 3855 463 3902 1.
475 3865 497 3902 c.
510 3854 585 3902 mn.
597 3858 619 3900 8.

322 3931 356 3994 (5)
372 3933 443 3982 Tom.
456 3930 726 3982 retractaremus.
742 3945 765 3980 n.
778 3937 815 3980 et.

322 4009 357 4072 (e)
370 4013 409 4060 De
424 4013 540 4061 mutrtm.
552 4013 597 4061 nrt.
609 4017 631 4061 ι.
644 4011 752 4061 conclus·
764 4011 829 4059 unir..

322 4090 357 4153 (7)
370 4093 429 4155 cap.
446 4093 478 4140 11.
490 4105 516 4140 n.
528 4097 583 4142 ιιι.

322 4170 359 4232 (s)
374 4170 440 4220 Dias.
452 4173 472 4221 1.
484 4174 529 4221 art.
545 4179 567 4221 5.
581 4186 606 4235 q⁴
617 4180 639 4222 e.

321 4249 356 4311 (9)
372 4250 402 4307 Q.
416 4252 459 4300 ΙΙΙ.
472 4253 518 4300 ert.
531 4259 553 4301 t.
567 4265 592 4314 q.
604 4256 629 4302 7.

319 4328 370 4392 (ιι)
385 4330 450 4380 luter
466 4342 528 4392 qnos
542 4333 571 4381 1).
580 4331 690 4382 cerritu
701 4333 761 4382 tom.
775 4334 794 4382 1.
807 4345 832 4393 p.
843 4333 862 4382 l.
873 4344 926 4393 cap.
938 4337 959 4381 2.
974 4333 1054 4395 utto
1066 4343 1137 4396 seqq.
