2804 5062
236 401 300 448 cir.
315 399 351 446 n.
363 396 403 446 na
417 395 505 447 nect.
520 395 625 444 rores.
636 393 744 444 cousr.
758 394 824 444 tur.
837 395 929 444 utra.
943 395 1006 442 nra.
1019 394 1089 442 tnr.
1100 394 1144 442 rv.
1206 373 1249 444 tt

151 516 292 590 Messes
308 532 340 588 et
357 541 491 586 errores
513 515 582 585 lam
607 538 685 586 vero
703 512 867 585 hutberns
891 539 932 585 ne
958 512 1151 611 suspicatus
1176 514 1252 611 qui-

146 633 226 705 dem
247 647 320 707 erat
344 643 544 728 potestatem
568 626 791 700 constituendi
818 627 1054 727 impedimenta
1083 627 1252 700 matrimo-

145 746 252 818 nialia
267 747 374 818 fuisse
393 744 427 815 in
445 741 588 815 ecclesia
605 741 827 826 adscititiam,
852 759 952 840 atque
975 740 1155 838 originario
1180 742 1253 814 iure

143 860 189 933 ad
216 861 384 960 principes
411 858 515 930 laicos
541 873 710 954 spectare,
739 856 888 955 ahoquin
912 856 1041 955 absque
1065 854 1167 927 dubio
1193 880 1253 953 pro

146 978 256 1049 furore
281 1002 350 1075 quo
368 973 531 1071 agebatur
548 971 710 1044 adversus
728 971 944 1070 apostolicam
963 971 1076 1044 sedem
1103 971 1253 1044 hortatus

140 1092 319 1190 principes
335 1090 541 1163 christianos
560 1088 678 1160 suisset
694 1087 737 1159 ad
756 1088 997 1172 revocandam,
1023 1087 1157 1184 sibique
1180 1088 1254 1159 viu-

144 1206 325 1278 dicandam
355 1217 552 1302 potestatem
584 1201 695 1287 illam,
731 1229 798 1300 qua
828 1201 912 1274 adeo
941 1200 1132 1300 tyrannice,
1163 1201 1254 1275 iuxta

150 1321 281 1418 ipsum,
311 1344 395 1391 mm.
425 1316 575 1416 pontifex
600 1315 810 1388 abutebatur.

219 1437 253 1506 2.
277 1434 397 1507 Pateht
414 1459 455 1505 ex
473 1458 513 1504 eo
530 1430 620 1530 quod
638 1431 817 1504 concilium
835 1434 870 1502 io
892 1433 1019 1529 Spiritu
1040 1432 1158 1503 Soocto
1180 1455 1255 1502 coo·

151 1568 316 1650 precatum
334 1577 520 1649 numquam
537 1549 717 1623 sollicitum
736 1551 779 1623 sit
796 1551 839 1622 de
860 1548 1063 1624 adstruenda
1085 1549 1120 1620 in
1142 1546 1257 1622 adver·

154 1671 313 1743 sariorum
337 1695 442 1741 sensu
460 1666 647 1764 dogmatice
668 1668 856 1767 principum
876 1667 1075 1741 secularium
1095 1682 1258 1765 potestate

157 1811 207 1858 seu
224 1801 393 1883 potestate
411 1783 476 1856 sibi
498 1798 671 1869 extranea,
699 1785 758 1857 sed
785 1785 827 1856 de
848 1810 888 1856 ea
913 1782 1139 1856 tantummodo
1156 1807 1257 1881 quam

156 1929 189 1974 ex
213 1902 329 1974 dios'ao
355 1901 548 1972 revelatione
574 1926 611 1972 se
636 1901 808 1998 accepisse
832 1900 933 1973 novit.
955 1897 1129 1970 Eiusmodi
1146 1914 1257 1970 autem

159 2034 205 2089 est
221 2035 368 2116 potestas
387 2016 629 2101 ecclesiastica,
653 2043 712 2088 seu
730 2015 891 2087 ecclesiae
909 2015 1071 2087 ministris
1086 2040 1110 2115 ‘a
1125 2013 1258 2086 Christo

158 2132 243 2217 data;
263 2160 329 2207 non
351 2133 459 2232 potuit
475 2133 578 2229 igitur
595 2132 774 2204 tridentina
791 2132 940 2231 synodus
957 2132 991 2202 in
1010 2130 1098 2202 binis
1113 2129 1258 2202 recitatis

155 2249 333 2322 canonibus
359 2248 452 2347 loqui
480 2249 544 2320 nisi
570 2249 612 2321 de
637 2248 799 2321 ecclesiae
811 2250 948 2346 proprio
966 2261 1147 2345 potestate,
1168 2270 1259 2316 eam·

154 2391 212 2464 que
235 2365 429 2461 dogmatice
454 2363 605 2436 definire.

222 2483 256 2551 3.
288 2478 410 2550 Pateht
434 2504 474 2550 cx
498 2504 562 2549 usn
588 2504 687 2575 quem
714 2477 863 2549 eiusdem
882 2476 1055 2576 potestatis
1079 2474 1157 2547 seoit
1181 2499 1260 2546 con-

157 2594 265 2666 cilium
295 2611 467 2691 tamquam
493 2592 559 2664 sihi
586 2592 740 2690 propriae
764 2592 799 2662 in
830 2590 892 2663 bac
922 2592 997 2690 ipsa
1023 2590 1191 2675 sessione;
1224 2605 1261 2661 ut
1278 2637 1299 2663 ·.

155 2710 237 2780 enim
263 2707 370 2806 paulo
394 2721 472 2781 ante
497 2706 810 2792 animadvertimus,
833 2706 866 2776 in
884 2707 1022 2780 Decreto
1040 2705 1082 2778 de
1106 2705 1261 2778 reforma·

156 2825 239 2897 tione
263 2824 408 2919 legitur:
429 2822 598 2894 «Tametsi
625 2822 845 2894 dubitandum
863 2848 930 2895 non
954 2839 1023 2909 est,
1049 2821 1258 2894 clandestina

156 2938 367 3011 matrimonia
392 2937 498 3010 hibero
522 2937 787 3011 contrabentium
812 2964 979 3011 consensu
1005 2939 1108 3024 facta,
1136 2954 1208 3009 rata
1229 2951 1262 3007 et

157 3079 229 3125 rera
244 3080 324 3126 esse
342 3052 574 3138 matrimonia,
596 3053 756 3151 quamdiu
773 3055 908 3125 ecclesio
926 3053 1020 3124 irrita
1037 3078 1102 3124 non
1119 3052 1256 3123 fecit...

158 3168 217 3254 oui
243 3169 344 3242 aliter
369 3194 471 3266 quam
498 3185 672 3266 praesente
690 3169 855 3265 parocho,
874 3168 926 3241 rcl
948 3167 1013 3240 alio
1032 3165 1204 3239 sacerdote
1220 3161 1263 3234 de

159 3285 264 3382 ipsius
292 3281 432 3381 parochi
460 3309 521 3355 seu
545 3283 705 3356 ordinarii
730 3283 882 3369 licentia,
910 3297 943 3355 et
968 3281 1101 3356 duobus
1126 3279 1177 3352 vel
1204 3279 1281 3355 tri-·

158 3395 216 3470 bus
234 3397 382 3470 testibus
399 3397 647 3469 matrimonium
666 3397 860 3470 contrahere
877 3396 1101 3481 attentabunt,
1118 3420 1175 3469 eos
1190 3420 1264 3466 sort-

158 3527 205 3585 cto
219 3511 369 3611 moedus
383 3512 425 3583 ad
442 3512 492 3584 sic
504 3512 766 3585 contrabendum
781 3512 947 3584 inhabiles
962 3511 1070 3584 reddit
1082 3567 1091 3596 ,
1105 3527 1138 3584 et
1152 3510 1264 3583 huius·

160 3627 243 3700 modi
282 3642 475 3699 contractus
506 3629 617 3700 irritos
649 3646 682 3701 et
711 3628 822 3701 nullos
851 3654 926 3701 esse
956 3627 1133 3713 decernit,
1167 3640 1266 3725 prout

159 3767 211 3815 sos
229 3742 401 3841 praesenti
429 3741 563 3814 decreto
579 3743 689 3815 irritos
710 3744 787 3815 facit
804 3760 836 3815 et
854 3743 1150 3815 annullat.»Porro
1168 3765 1265 3810 nemo

163 3856 330 3950 negaverit
355 3854 418 3928 hoc
443 3855 478 3926 in
504 3856 636 3928 decreto
661 3857 823 3929 ecclesiae
847 3859 983 3940 nomine
1004 3853 1265 3928 ecclesiasticam

162 3968 383 4045 hierarchiam
409 3997 470 4043 seu
496 3972 734 4046 sacerdotalem
760 3991 890 4046 coetum
916 3971 1105 4068 designari,
1130 3970 1189 4069 qui
1208 3995 1267 4068 po-

163 4099 310 4158 testatem
339 4111 436 4158 suam
461 4112 618 4158 exercens
649 4113 770 4162 novum
801 4088 963 4160 dirimens
990 4085 1266 4183 impedimentum

163 4202 353 4274 mussitate„
373 4200 415 4273 ht
439 4226 516 4274 vero
543 4219 690 4300 potestas
715 4230 782 4303 qua
799 4229 862 4276 usa
879 4219 930 4276 est
946 4201 1089 4275 ecclesia
1106 4202 1142 4275 in
1165 4200 1268 4275 refor-
1292 4233 1294 4236 ·

166 4316 315 4391 metionis
342 4315 498 4403 decreto,
525 4318 643 4418 eadem
660 4333 721 4392 est
745 4318 804 4393 itta
828 4335 994 4419 potestas,
1019 4344 1124 4418 quam
1145 4316 1185 4416 ¹ip
1211 4342 1265 4391 ce·
