<?xml version="1.0" encoding="UTF-8"?>
<!DOCTYPE html PUBLIC "-//W3C//DTD XHTML 1.0 Transitional//EN"
    "http://www.w3.org/TR/xhtml1/DTD/xhtml1-transitional.dtd">
<html xmlns="http://www.w3.org/1999/xhtml" xml:lang="en" lang="en">
 <head>
  <title>
</title>
<meta http-equiv="Content-Type" content="text/html;charset=utf-8" />
  <meta name='ocr-system' content='tesseract 3.04.00' />
  <meta name='ocr-capabilities' content='ocr_page ocr_carea ocr_par ocr_line ocrx_word'/>
</head>
<body>
  <div class='ocr_page' id='page_1' title='image "./dematrimoniochr02perrgoog_0055.png"; bbox 0 0 2804 5062; ppageno 0'>
   <div class='ocr_carea' id='block_1_1' title="bbox 148 360 1006 432">
    <p class='ocr_par' dir='ltr' id='par_1_1' title="bbox 148 360 1006 432">
     <span class='ocr_line' id='line_1_1' title="bbox 148 360 1006 432; baseline 0.001 -4"><span class='ocrx_word' id='word_1_1' title='bbox 148 360 192 428; x_wconf 81' lang='lat' dir='ltr'><strong>ta</strong></span> <span class='ocrx_word' id='word_1_2' title='bbox 388 379 448 428; x_wconf 85' lang='grc' dir='ltr'><strong>ιιι.</strong></span> <span class='ocrx_word' id='word_1_3' title='bbox 470 379 504 428; x_wconf 91' lang='grc' dir='ltr'><strong>ιι.</strong></span> <span class='ocrx_word' id='word_1_4' title='bbox 526 379 611 429; x_wconf 83' lang='lat' dir='ltr'><strong>sacr.</strong></span> <span class='ocrx_word' id='word_1_5' title='bbox 634 380 657 428; x_wconf 94' lang='grc' dir='ltr'><strong>ι.</strong></span> <span class='ocrx_word' id='word_1_6' title='bbox 678 379 718 428; x_wconf 81' lang='lat' dir='ltr'><strong>nn</strong></span> <span class='ocrx_word' id='word_1_7' title='bbox 735 379 859 430; x_wconf 77' lang='lat' dir='ltr'><strong>norasr.</strong></span> <span class='ocrx_word' id='word_1_8' title='bbox 882 380 1006 432; x_wconf 79' lang='lat' dir='ltr'><strong>nactas.</strong></span> 
     </span>
    </p>
   </div>
   <div class='ocr_carea' id='block_1_2' title="bbox 111 494 1282 3916">
    <p class='ocr_par' dir='ltr' id='par_1_2' title="bbox 118 494 1282 2891">
     <span class='ocr_line' id='line_1_2' title="bbox 146 494 1254 596; baseline 0.004 -27"><span class='ocrx_word' id='word_1_9' title='bbox 146 497 285 581; x_wconf 74' lang='lat' dir='ltr'><strong>divino,</strong></span> <span class='ocrx_word' id='word_1_10' title='bbox 315 494 374 569; x_wconf 90' lang='lat' dir='ltr'><strong>sed</strong></span> <span class='ocrx_word' id='word_1_11' title='bbox 401 512 527 568; x_wconf 87' lang='lat' dir='ltr'><strong>tanturn</strong></span> <span class='ocrx_word' id='word_1_12' title='bbox 552 496 595 570; x_wconf 85' lang='lat' dir='ltr'><strong>de</strong></span> <span class='ocrx_word' id='word_1_13' title='bbox 618 496 845 572; x_wconf 82' lang='lat' dir='ltr'><strong>eeclesiastico</strong></span> <span class='ocrx_word' id='word_1_14' title='bbox 869 514 1039 596; x_wconf 80' lang='lat' dir='ltr'><strong>ageretur,</strong></span> <span class='ocrx_word' id='word_1_15' title='bbox 1067 501 1254 574; x_wconf 83' lang='lat' dir='ltr'><strong>contrarius</strong></span> 
     </span>
     <span class='ocr_line' id='line_1_3' title="bbox 145 610 1256 710; baseline 0.004 -26"><span class='ocrx_word' id='word_1_16' title='bbox 145 637 237 684; x_wconf 81' lang='lat' dir='ltr'><strong>error</strong></span> <span class='ocrx_word' id='word_1_17' title='bbox 253 610 367 710; x_wconf 90' lang='lat' dir='ltr'><strong>potius</strong></span> <span class='ocrx_word' id='word_1_18' title='bbox 383 628 421 682; x_wconf 91' lang='lat' dir='ltr'><strong>ut</strong></span> <span class='ocrx_word' id='word_1_19' title='bbox 436 610 681 694; x_wconf 77' lang='lat' dir='ltr'><strong>schismaticus,</strong></span> <span class='ocrx_word' id='word_1_20' title='bbox 702 636 803 710; x_wconf 91' lang='lat' dir='ltr'><strong>quam</strong></span> <span class='ocrx_word' id='word_1_21' title='bbox 830 628 867 683; x_wconf 91' lang='grc' dir='ltr'><strong>ιιι</strong></span> <span class='ocrx_word' id='word_1_22' title='bbox 892 613 1069 685; x_wconf 79' lang='lat' dir='ltr'><strong>hacreticus</strong></span> <span class='ocrx_word' id='word_1_23' title='bbox 1087 613 1256 688; x_wconf 71' lang='lat' dir='ltr'><strong>videmini</strong></span> 
     </span>
     <span class='ocr_line' id='line_1_4' title="bbox 145 724 1256 810; baseline 0.004 -12"><span class='ocrx_word' id='word_1_24' title='bbox 145 725 370 798; x_wconf 88' lang='lat' dir='ltr'><strong>damnandus.</strong></span> <span class='ocrx_word' id='word_1_25' title='bbox 392 724 565 810; x_wconf 79' lang='lat' dir='ltr'><strong>Attamen,</strong></span> <span class='ocrx_word' id='word_1_26' title='bbox 587 742 623 797; x_wconf 94' lang='lat' dir='ltr'><strong>ut</strong></span> <span class='ocrx_word' id='word_1_27' title='bbox 641 724 758 798; x_wconf 85' lang='lat' dir='ltr'><strong>scribit</strong></span> <span class='ocrx_word' id='word_1_28' title='bbox 782 724 909 798; x_wconf 86' lang='lat' dir='ltr'><strong>llatalis</strong></span> <span class='ocrx_word' id='word_1_29' title='bbox 933 725 1139 800; x_wconf 76' lang='lat' dir='ltr'><strong>Alexander:</strong></span> <span class='ocrx_word' id='word_1_30' title='bbox 1171 754 1256 802; x_wconf 79' lang='lat' dir='ltr'><strong>aro·</strong></span> 
     </span>
     <span class='ocr_line' id='line_1_5' title="bbox 145 839 1252 945; baseline 0.008 -34"><span class='ocrx_word' id='word_1_31' title='bbox 145 839 258 940; x_wconf 92' lang='lat' dir='ltr'><strong>liquus</strong></span> <span class='ocrx_word' id='word_1_32' title='bbox 276 865 456 913; x_wconf 88' lang='lat' dir='ltr'><strong>consessus</strong></span> <span class='ocrx_word' id='word_1_33' title='bbox 475 841 686 914; x_wconf 88' lang='lat' dir='ltr'><strong>anathemate</strong></span> <span class='ocrx_word' id='word_1_34' title='bbox 703 840 930 915; x_wconf 85' lang='lat' dir='ltr'><strong>damnandnm</strong></span> <span class='ocrx_word' id='word_1_35' title='bbox 945 843 1093 942; x_wconf 77' lang='lat' dir='ltr'><strong>putavit,</strong></span> <span class='ocrx_word' id='word_1_36' title='bbox 1111 844 1146 916; x_wconf 91' lang='lat' dir='ltr'><strong>in</strong></span> <span class='ocrx_word' id='word_1_37' title='bbox 1164 844 1252 945; x_wconf 86' lang='lat' dir='ltr'><strong>quod</strong></span> 
     </span>
     <span class='ocr_line' id='line_1_6' title="bbox 147 954 1253 1054; baseline 0.007 -29"><span class='ocrx_word' id='word_1_38' title='bbox 147 968 262 1052; x_wconf 87' lang='lat' dir='ltr'><strong>postea</strong></span> <span class='ocrx_word' id='word_1_39' title='bbox 285 980 400 1026; x_wconf 85' lang='lat' dir='ltr'><strong>omnes</strong></span> <span class='ocrx_word' id='word_1_40' title='bbox 425 980 627 1027; x_wconf 88' lang='lat' dir='ltr'><strong>convenere:</strong></span> <span class='ocrx_word' id='word_1_41' title='bbox 656 956 746 1054; x_wconf 92' lang='lat' dir='ltr'><strong>quod</strong></span> <span class='ocrx_word' id='word_1_42' title='bbox 772 980 899 1052; x_wconf 76' lang='lat' dir='ltr'><strong>negans</strong></span> <span class='ocrx_word' id='word_1_43' title='bbox 924 954 1165 1031; x_wconf 86' lang='lat' dir='ltr'><strong>christifideles</strong></span> <span class='ocrx_word' id='word_1_44' title='bbox 1191 959 1253 1033; x_wconf 81' lang='lat' dir='ltr'><strong>lico</strong></span> 
     </span>
     <span class='ocr_line' id='line_1_7' title="bbox 146 1066 1251 1169; baseline 0.006 -29"><span class='ocrx_word' id='word_1_45' title='bbox 146 1066 309 1140; x_wconf 87' lang='lat' dir='ltr'><strong>ecclesiae</strong></span> <span class='ocrx_word' id='word_1_46' title='bbox 332 1086 509 1168; x_wconf 87' lang='lat' dir='ltr'><strong>praecepto</strong></span> <span class='ocrx_word' id='word_1_47' title='bbox 531 1068 697 1166; x_wconf 77' lang='lat' dir='ltr'><strong>obligari,</strong></span> <span class='ocrx_word' id='word_1_48' title='bbox 719 1086 816 1166; x_wconf 81' lang='lat' dir='ltr'><strong>neget</strong></span> <span class='ocrx_word' id='word_1_49' title='bbox 836 1088 1081 1169; x_wconf 77' lang='lat' dir='ltr'><strong>consequenter</strong></span> <span class='ocrx_word' id='word_1_50' title='bbox 1097 1072 1251 1146; x_wconf 81' lang='lat' dir='ltr'><strong>traditam</strong></span> 
     </span>
     <span class='ocr_line' id='line_1_8' title="bbox 147 1178 1254 1281; baseline 0.005 -28"><span class='ocrx_word' id='word_1_51' title='bbox 147 1178 308 1254; x_wconf 87' lang='lat' dir='ltr'><strong>ecclesiae</strong></span> <span class='ocrx_word' id='word_1_52' title='bbox 332 1208 352 1254; x_wconf 87' lang='lat' dir='ltr'><strong>a</strong></span> <span class='ocrx_word' id='word_1_53' title='bbox 375 1180 508 1256; x_wconf 81' lang='lat' dir='ltr'><strong>Christo</strong></span> <span class='ocrx_word' id='word_1_54' title='bbox 526 1199 724 1281; x_wconf 83' lang='lat' dir='ltr'><strong>potestatem</strong></span> <span class='ocrx_word' id='word_1_55' title='bbox 740 1182 832 1280; x_wconf 82' lang='lat' dir='ltr'><strong>leges</strong></span> <span class='ocrx_word' id='word_1_56' title='bbox 851 1183 1017 1257; x_wconf 85' lang='lat' dir='ltr'><strong>condendi</strong></span> <span class='ocrx_word' id='word_1_57' title='bbox 1041 1184 1084 1256; x_wconf 87' lang='lat' dir='ltr'><strong>ad</strong></span> <span class='ocrx_word' id='word_1_58' title='bbox 1103 1185 1254 1259; x_wconf 86' lang='lat' dir='ltr'><strong>fidelium</strong></span> 
     </span>
     <span class='ocr_line' id='line_1_9' title="bbox 147 1293 1251 1396; baseline 0.002 -29"><span class='ocrx_word' id='word_1_59' title='bbox 147 1293 289 1367; x_wconf 88' lang='lat' dir='ltr'><strong>salutem</strong></span> <span class='ocrx_word' id='word_1_60' title='bbox 314 1295 592 1394; x_wconf 79' lang='lat' dir='ltr'><strong>promovendam:</strong></span> <span class='ocrx_word' id='word_1_61' title='bbox 613 1298 703 1396; x_wconf 91' lang='lat' dir='ltr'><strong>quod</strong></span> <span class='ocrx_word' id='word_1_62' title='bbox 726 1314 813 1370; x_wconf 87' lang='lat' dir='ltr'><strong>cerie</strong></span> <span class='ocrx_word' id='word_1_63' title='bbox 835 1296 1038 1370; x_wconf 86' lang='lat' dir='ltr'><strong>haereticum</strong></span> <span class='ocrx_word' id='word_1_64' title='bbox 1056 1314 1108 1370; x_wconf 88' lang='lat' dir='ltr'><strong>est</strong></span> <span class='ocrx_word' id='word_1_65' title='bbox 1129 1301 1251 1394; x_wconf 68' lang='grc'><strong>(11).»</strong></span> 
     </span>
     <span class='ocr_line' id='line_1_10' title="bbox 148 1409 1252 1512; baseline 0.005 -32"><span class='ocrx_word' id='word_1_66' title='bbox 148 1409 253 1508; x_wconf 91' lang='lat' dir='ltr'><strong>ldque</strong></span> <span class='ocrx_word' id='word_1_67' title='bbox 269 1411 385 1484; x_wconf 86' lang='lat' dir='ltr'><strong>merito</strong></span> <span class='ocrx_word' id='word_1_68' title='bbox 403 1413 555 1484; x_wconf 90' lang='lat' dir='ltr'><strong>unanimi</strong></span> <span class='ocrx_word' id='word_1_69' title='bbox 573 1439 739 1486; x_wconf 90' lang='lat' dir='ltr'><strong>consensu</strong></span> <span class='ocrx_word' id='word_1_70' title='bbox 757 1411 961 1486; x_wconf 86' lang='lat' dir='ltr'><strong>declaratum</strong></span> <span class='ocrx_word' id='word_1_71' title='bbox 980 1412 1057 1499; x_wconf 85' lang='lat' dir='ltr'><strong>luit,</strong></span> <span class='ocrx_word' id='word_1_72' title='bbox 1079 1413 1161 1512; x_wconf 89' lang='lat' dir='ltr'><strong>quia</strong></span> <span class='ocrx_word' id='word_1_73' title='bbox 1178 1413 1252 1488; x_wconf 86' lang='lat' dir='ltr'><strong>lieet</strong></span> 
     </span>
     <span class='ocr_line' id='line_1_11' title="bbox 147 1524 1252 1624; baseline 0.004 -29"><span class='ocrx_word' id='word_1_74' title='bbox 147 1541 359 1624; x_wconf 85' lang='lat' dir='ltr'><strong>praecepium</strong></span> <span class='ocrx_word' id='word_1_75' title='bbox 386 1524 428 1597; x_wconf 90' lang='lat' dir='ltr'><strong>de</strong></span> <span class='ocrx_word' id='word_1_76' title='bbox 454 1526 730 1600; x_wconf 90' lang='lat' dir='ltr'><strong>communicando</strong></span> <span class='ocrx_word' id='word_1_77' title='bbox 747 1526 849 1599; x_wconf 90' lang='lat' dir='ltr'><strong>semel</strong></span> <span class='ocrx_word' id='word_1_78' title='bbox 868 1527 901 1597; x_wconf 94' lang='lat' dir='ltr'><strong>in</strong></span> <span class='ocrx_word' id='word_1_79' title='bbox 920 1553 1007 1600; x_wconf 88' lang='lat' dir='ltr'><strong>anno</strong></span> <span class='ocrx_word' id='word_1_80' title='bbox 1029 1552 1068 1599; x_wconf 84' lang='lat' dir='ltr'><strong>cx</strong></span> <span class='ocrx_word' id='word_1_81' title='bbox 1085 1553 1124 1599; x_wconf 91' lang='lat' dir='ltr'><strong>se</strong></span> <span class='ocrx_word' id='word_1_82' title='bbox 1140 1528 1188 1602; x_wconf 91' lang='lat' dir='ltr'><strong>sit</strong></span> <span class='ocrx_word' id='word_1_83' title='bbox 1203 1528 1252 1600; x_wconf 94' lang='lat' dir='ltr'><strong>di-</strong></span> 
     </span>
     <span class='ocr_line' id='line_1_12' title="bbox 147 1637 1248 1742; baseline 0.006 -33"><span class='ocrx_word' id='word_1_84' title='bbox 147 1637 349 1737; x_wconf 75' lang='lat' dir='ltr'><strong>sciplinate,</strong></span> <span class='ocrx_word' id='word_1_85' title='bbox 371 1656 517 1739; x_wconf 86' lang='lat' dir='ltr'><strong>potestas</strong></span> <span class='ocrx_word' id='word_1_86' title='bbox 543 1657 652 1714; x_wconf 88' lang='lat' dir='ltr'><strong>tamen</strong></span> <span class='ocrx_word' id='word_1_87' title='bbox 674 1641 836 1714; x_wconf 89' lang='lat' dir='ltr'><strong>ecclesiae</strong></span> <span class='ocrx_word' id='word_1_88' title='bbox 853 1641 1018 1714; x_wconf 90' lang='lat' dir='ltr'><strong>condendi</strong></span> <span class='ocrx_word' id='word_1_89' title='bbox 1037 1659 1248 1742; x_wconf 90' lang='lat' dir='ltr'><strong>praeceptum</strong></span> 
     </span>
     <span class='ocr_line' id='line_1_13' title="bbox 146 1753 1254 1855; baseline 0.008 -32"><span class='ocrx_word' id='word_1_90' title='bbox 146 1769 179 1824; x_wconf 88' lang='lat' dir='ltr'><strong>et</strong></span> <span class='ocrx_word' id='word_1_91' title='bbox 196 1753 383 1850; x_wconf 82' lang='lat' dir='ltr'><strong>obligandi,</strong></span> <span class='ocrx_word' id='word_1_92' title='bbox 402 1756 525 1829; x_wconf 84' lang='lat' dir='ltr'><strong>veritas</strong></span> <span class='ocrx_word' id='word_1_93' title='bbox 549 1757 738 1854; x_wconf 80' lang='lat' dir='ltr'><strong>dogmatica</strong></span> <span class='ocrx_word' id='word_1_94' title='bbox 762 1772 833 1840; x_wconf 81' lang='lat' dir='ltr'><strong>est,</strong></span> <span class='ocrx_word' id='word_1_95' title='bbox 862 1757 1012 1855; x_wconf 88' lang='lat' dir='ltr'><strong>adeoque</strong></span> <span class='ocrx_word' id='word_1_96' title='bbox 1037 1755 1101 1830; x_wconf 88' lang='lat' dir='ltr'><strong>hoc</strong></span> <span class='ocrx_word' id='word_1_97' title='bbox 1126 1783 1254 1832; x_wconf 70' lang='lat' dir='ltr'><strong>canem</strong></span> 
     </span>
     <span class='ocr_line' id='line_1_14' title="bbox 118 1868 1247 1968; baseline 0.003 -28"><span class='ocrx_word' id='word_1_98' title='bbox 118 1869 121 1874; x_wconf 79' lang='grc'><strong>’</strong></span> <span class='ocrx_word' id='word_1_99' title='bbox 150 1868 283 1942; x_wconf 90' lang='lat' dir='ltr'><strong>adserta</strong></span> <span class='ocrx_word' id='word_1_100' title='bbox 305 1871 392 1968; x_wconf 69' lang='lat' dir='ltr'><strong>(ii).</strong></span> <span class='ocrx_word' id='word_1_101' title='bbox 413 1869 516 1945; x_wconf 89' lang='lat' dir='ltr'><strong>llulto</strong></span> <span class='ocrx_word' id='word_1_102' title='bbox 528 1897 606 1945; x_wconf 85' lang='lat' dir='ltr'><strong>vero</strong></span> <span class='ocrx_word' id='word_1_103' title='bbox 624 1871 658 1943; x_wconf 94' lang='lat' dir='ltr'><strong>id</strong></span> <span class='ocrx_word' id='word_1_104' title='bbox 675 1872 783 1968; x_wconf 81' lang='lat' dir='ltr'><strong>magis</strong></span> <span class='ocrx_word' id='word_1_105' title='bbox 802 1870 979 1944; x_wconf 89' lang='lat' dir='ltr'><strong>dicendum</strong></span> <span class='ocrx_word' id='word_1_106' title='bbox 992 1870 1034 1943; x_wconf 89' lang='lat' dir='ltr'><strong>de</strong></span> <span class='ocrx_word' id='word_1_107' title='bbox 1049 1895 1180 1945; x_wconf 89' lang='lat' dir='ltr'><strong>oanone</strong></span> <span class='ocrx_word' id='word_1_108' title='bbox 1197 1872 1247 1944; x_wconf 83' lang='lat' dir='ltr'><strong>li.</strong></span> 
     </span>
     <span class='ocr_line' id='line_1_15' title="bbox 146 1984 1256 2087; baseline 0.006 -32"><span class='ocrx_word' id='word_1_109' title='bbox 146 1984 190 2056; x_wconf 88' lang='lat' dir='ltr'><strong>de</strong></span> <span class='ocrx_word' id='word_1_110' title='bbox 217 2011 284 2083; x_wconf 91' lang='lat' dir='ltr'><strong>quo</strong></span> <span class='ocrx_word' id='word_1_111' title='bbox 310 1986 534 2074; x_wconf 82' lang='lat' dir='ltr'>disserimus,</span> <span class='ocrx_word' id='word_1_112' title='bbox 563 2014 622 2087; x_wconf 89' lang='lat' dir='ltr'><strong>per</strong></span> <span class='ocrx_word' id='word_1_113' title='bbox 647 2014 746 2087; x_wconf 91' lang='lat' dir='ltr'><strong>quem</strong></span> <span class='ocrx_word' id='word_1_114' title='bbox 775 2013 932 2086; x_wconf 62' lang='lat' dir='ltr'><strong>expresse</strong></span> <span class='ocrx_word' id='word_1_115' title='bbox 960 1986 1118 2058; x_wconf 83' lang='lat' dir='ltr'><strong>definitur</strong></span> <span class='ocrx_word' id='word_1_116' title='bbox 1147 1988 1256 2071; x_wconf 85' lang='lat' dir='ltr'><strong>eccle·</strong></span> 
     </span>
     <span class='ocr_line' id='line_1_16' title="bbox 148 2098 1252 2201; baseline 0.005 -31"><span class='ocrx_word' id='word_1_117' title='bbox 148 2098 234 2170; x_wconf 89' lang='lat' dir='ltr'><strong>siam</strong></span> <span class='ocrx_word' id='word_1_118' title='bbox 255 2104 398 2198; x_wconf 80' lang='lat' dir='ltr'><strong>potuisse</strong></span> <span class='ocrx_word' id='word_1_119' title='bbox 424 2120 569 2176; x_wconf 87' lang='lat' dir='ltr'><strong>statuere</strong></span> <span class='ocrx_word' id='word_1_120' title='bbox 594 2103 852 2201; x_wconf 85' lang='lat' dir='ltr'><strong>impedimenta,</strong></span> <span class='ocrx_word' id='word_1_121' title='bbox 873 2116 905 2173; x_wconf 95' lang='lat' dir='ltr'><strong>et</strong></span> <span class='ocrx_word' id='word_1_122' title='bbox 923 2101 960 2172; x_wconf 91' lang='lat' dir='ltr'><strong>in</strong></span> <span class='ocrx_word' id='word_1_123' title='bbox 974 2100 1030 2174; x_wconf 88' lang='lat' dir='ltr'><strong>his</strong></span> <span class='ocrx_word' id='word_1_124' title='bbox 1048 2103 1252 2175; x_wconf 88' lang='lat' dir='ltr'><strong>constituen-</strong></span> 
     </span>
     <span class='ocr_line' id='line_1_17' title="bbox 149 2213 1253 2316; baseline 0.005 -32"><span class='ocrx_word' id='word_1_125' title='bbox 149 2213 203 2285; x_wconf 91' lang='lat' dir='ltr'><strong>dis</strong></span> <span class='ocrx_word' id='word_1_126' title='bbox 228 2240 291 2286; x_wconf 84' lang='lat' dir='ltr'><strong>uon</strong></span> <span class='ocrx_word' id='word_1_127' title='bbox 316 2242 464 2302; x_wconf 77' lang='lat' dir='ltr'><strong>crroase;</strong></span> <span class='ocrx_word' id='word_1_128' title='bbox 492 2244 570 2290; x_wconf 88' lang='lat' dir='ltr'><strong>nam</strong></span> <span class='ocrx_word' id='word_1_129' title='bbox 596 2216 672 2290; x_wconf 88' lang='lat' dir='ltr'><strong>licet</strong></span> <span class='ocrx_word' id='word_1_130' title='bbox 696 2216 842 2289; x_wconf 89' lang='lat' dir='ltr'><strong>conditio</strong></span> <span class='ocrx_word' id='word_1_131' title='bbox 866 2216 1179 2316; x_wconf 67' lang='lat' dir='ltr'><strong>impedimentorum</strong></span> <span class='ocrx_word' id='word_1_132' title='bbox 1209 2218 1253 2291; x_wconf 88' lang='lat' dir='ltr'><strong>sit</strong></span> 
     </span>
     <span class='ocr_line' id='line_1_18' title="bbox 148 2328 1253 2433; baseline 0.005 -34"><span class='ocrx_word' id='word_1_133' title='bbox 148 2328 231 2427; x_wconf 91' lang='lat' dir='ltr'><strong>quid</strong></span> <span class='ocrx_word' id='word_1_134' title='bbox 256 2329 493 2430; x_wconf 77' lang='lat' dir='ltr'><strong>disciplinam,</strong></span> <span class='ocrx_word' id='word_1_135' title='bbox 526 2348 673 2433; x_wconf 85' lang='lat' dir='ltr'><strong>potestas</strong></span> <span class='ocrx_word' id='word_1_136' title='bbox 701 2331 921 2404; x_wconf 90' lang='lat' dir='ltr'><strong>nihilominus</strong></span> <span class='ocrx_word' id='word_1_137' title='bbox 945 2356 984 2403; x_wconf 87' lang='lat' dir='ltr'><strong>ea</strong></span> <span class='ocrx_word' id='word_1_138' title='bbox 1009 2331 1177 2404; x_wconf 89' lang='lat' dir='ltr'><strong>statuendi</strong></span> <span class='ocrx_word' id='word_1_139' title='bbox 1202 2349 1253 2431; x_wconf 85' lang='lat' dir='ltr'><strong>est</strong></span> 
     </span>
     <span class='ocr_line' id='line_1_19' title="bbox 147 2444 1252 2545; baseline 0.004 -29"><span class='ocrx_word' id='word_1_140' title='bbox 147 2445 270 2518; x_wconf 88' lang='lat' dir='ltr'><strong>veritas</strong></span> <span class='ocrx_word' id='word_1_141' title='bbox 287 2445 496 2544; x_wconf 76' lang='lat' dir='ltr'><strong>dogmatica,</strong></span> <span class='ocrx_word' id='word_1_142' title='bbox 517 2463 549 2519; x_wconf 89' lang='lat' dir='ltr'><strong>et</strong></span> <span class='ocrx_word' id='word_1_143' title='bbox 572 2447 707 2544; x_wconf 77' lang='lat' dir='ltr'><strong>negatio</strong></span> <span class='ocrx_word' id='word_1_144' title='bbox 729 2444 831 2519; x_wconf 90' lang='lat' dir='ltr'><strong>huius</strong></span> <span class='ocrx_word' id='word_1_145' title='bbox 856 2446 1032 2545; x_wconf 85' lang='lat' dir='ltr'><strong>potestatis</strong></span> <span class='ocrx_word' id='word_1_146' title='bbox 1053 2447 1091 2516; x_wconf 91' lang='lat' dir='ltr'><strong>in</strong></span> <span class='ocrx_word' id='word_1_147' title='bbox 1110 2445 1252 2536; x_wconf 81' lang='lat' dir='ltr'><strong>ecclesia</strong></span> 
     </span>
     <span class='ocr_line' id='line_1_20' title="bbox 142 2548 1282 2662; baseline 0.004 -32"><span class='ocrx_word' id='word_1_148' title='bbox 142 2559 306 2632; x_wconf 82' lang='lat' dir='ltr'><strong>&#39;lnerciicn</strong></span> <span class='ocrx_word' id='word_1_149' title='bbox 331 2578 394 2634; x_wconf 89' lang='lat' dir='ltr'><strong>est.</strong></span> <span class='ocrx_word' id='word_1_150' title='bbox 423 2564 470 2633; x_wconf 86' lang='lat' dir='ltr'><strong>Ex</strong></span> <span class='ocrx_word' id='word_1_151' title='bbox 496 2562 783 2635; x_wconf 85' lang='lat' dir='ltr'><strong>animadversione</strong></span> <span class='ocrx_word' id='word_1_152' title='bbox 809 2579 976 2662; x_wconf 87' lang='lat' dir='ltr'><strong>praeterea</strong></span> <span class='ocrx_word' id='word_1_153' title='bbox 1000 2561 1133 2634; x_wconf 84' lang='lat' dir='ltr'><strong>illorum·</strong></span> <span class='ocrx_word' id='word_1_154' title='bbox 1162 2560 1252 2634; x_wconf 82' lang='lat' dir='ltr'><strong>theo</strong></span> <span class='ocrx_word' id='word_1_155' title='bbox 1279 2548 1282 2552; x_wconf 17' lang='lat' dir='ltr'><strong>i</strong></span> 
     </span>
     <span class='ocr_line' id='line_1_21' title="bbox 146 2672 1251 2775; baseline 0.004 -30"><span class='ocrx_word' id='word_1_156' title='bbox 146 2672 297 2770; x_wconf 79' lang='lat' dir='ltr'><strong>logorum</strong></span> <span class='ocrx_word' id='word_1_157' title='bbox 314 2677 403 2749; x_wconf 86' lang='lat' dir='ltr'><strong>circa</strong></span> <span class='ocrx_word' id='word_1_158' title='bbox 419 2703 580 2750; x_wconf 88' lang='lat' dir='ltr'><strong>canonem</strong></span> <span class='ocrx_word' id='word_1_159' title='bbox 599 2679 654 2748; x_wconf 83' lang='lat' dir='ltr'><strong>ix.</strong></span> <span class='ocrx_word' id='word_1_160' title='bbox 677 2704 762 2751; x_wconf 89' lang='lat' dir='ltr'><strong>sess.</strong></span> <span class='ocrx_word' id='word_1_161' title='bbox 784 2678 873 2749; x_wconf 84' lang='lat' dir='ltr'><strong>lllll.</strong></span> <span class='ocrx_word' id='word_1_162' title='bbox 894 2678 1065 2750; x_wconf 89' lang='lat' dir='ltr'><strong>evidenter</strong></span> <span class='ocrx_word' id='word_1_163' title='bbox 1083 2692 1173 2775; x_wconf 88' lang='lat' dir='ltr'><strong>patet</strong></span> <span class='ocrx_word' id='word_1_164' title='bbox 1191 2703 1251 2775; x_wconf 91' lang='lat' dir='ltr'><strong>pro</strong></span> 
     </span>
     <span class='ocr_line' id='line_1_22' title="bbox 147 2791 1253 2891; baseline 0.003 -29"><span class='ocrx_word' id='word_1_165' title='bbox 147 2803 237 2863; x_wconf 87' lang='lat' dir='ltr'><strong>certo</strong></span> <span class='ocrx_word' id='word_1_166' title='bbox 249 2815 364 2864; x_wconf 89' lang='lat' dir='ltr'><strong>omnes</strong></span> <span class='ocrx_word' id='word_1_167' title='bbox 383 2791 559 2877; x_wconf 87' lang='lat' dir='ltr'><strong>habuisse,</strong></span> <span class='ocrx_word' id='word_1_168' title='bbox 577 2817 723 2865; x_wconf 88' lang='lat' dir='ltr'><strong>canones</strong></span> <span class='ocrx_word' id='word_1_169' title='bbox 736 2794 933 2865; x_wconf 90' lang='lat' dir='ltr'><strong>constitutos</strong></span> <span class='ocrx_word' id='word_1_170' title='bbox 951 2819 971 2863; x_wconf 92' lang='lat' dir='ltr'><strong>a</strong></span> <span class='ocrx_word' id='word_1_171' title='bbox 988 2791 1180 2865; x_wconf 81' lang='lat' dir='ltr'><strong>tridentinis</strong></span> <span class='ocrx_word' id='word_1_172' title='bbox 1196 2817 1253 2891; x_wconf 84' lang='lat' dir='ltr'><strong>pa·</strong></span> 
     </span>
    </p>

    <p class='ocr_par' dir='ltr' id='par_1_3' title="bbox 111 2904 1253 3117">
     <span class='ocr_line' id='line_1_23' title="bbox 149 2904 1253 3007; baseline 0.002 -29"><span class='ocrx_word' id='word_1_173' title='bbox 149 2904 275 2992; x_wconf 85' lang='lat' dir='ltr'><strong>tribus,</strong></span> <span class='ocrx_word' id='word_1_174' title='bbox 291 2908 444 3007; x_wconf 84' lang='lat' dir='ltr'><strong>apposita</strong></span> <span class='ocrx_word' id='word_1_175' title='bbox 463 2906 684 2980; x_wconf 78' lang='lat' dir='ltr'><strong>anathematis</strong></span> <span class='ocrx_word' id='word_1_176' title='bbox 699 2924 794 2993; x_wconf 81' lang='grc' dir='ltr'><strong>ιιοιε,</strong></span> <span class='ocrx_word' id='word_1_177' title='bbox 810 2907 945 2981; x_wconf 91' lang='lat' dir='ltr'><strong>totidem</strong></span> <span class='ocrx_word' id='word_1_178' title='bbox 960 2933 1035 2982; x_wconf 88' lang='lat' dir='ltr'><strong>esse</strong></span> <span class='ocrx_word' id='word_1_179' title='bbox 1048 2907 1253 3002; x_wconf 70' lang='lat' dir='ltr'><strong>dogmatistas</strong></span> 
     </span>
     <span class='ocr_line' id='line_1_24' title="bbox 111 3009 413 3117; baseline 0 -24"><span class='ocrx_word' id='word_1_180' title='bbox 111 3009 114 3016; x_wconf 43' lang='lat'><strong>¹</strong></span> <span class='ocrx_word' id='word_1_181' title='bbox 148 3046 294 3094; x_wconf 90' lang='lat' dir='ltr'><strong>canones</strong></span> <span class='ocrx_word' id='word_1_182' title='bbox 324 3024 413 3117; x_wconf 78' lang='lat' dir='ltr'><strong>(ie).</strong></span> 
     </span>
    </p>

    <p class='ocr_par' dir='ltr' id='par_1_4' title="bbox 144 3136 1256 3916">
     <span class='ocr_line' id='line_1_25' title="bbox 221 3136 1255 3222; baseline 0.002 -13"><span class='ocrx_word' id='word_1_183' title='bbox 221 3136 318 3222; x_wconf 79' lang='lat' dir='ltr'><strong>Quod</strong></span> <span class='ocrx_word' id='word_1_184' title='bbox 339 3138 473 3209; x_wconf 91' lang='lat' dir='ltr'><strong>demum</strong></span> <span class='ocrx_word' id='word_1_185' title='bbox 490 3138 607 3211; x_wconf 86' lang='lat' dir='ltr'><strong>attinet</strong></span> <span class='ocrx_word' id='word_1_186' title='bbox 623 3138 666 3210; x_wconf 91' lang='lat' dir='ltr'><strong>ad</strong></span> <span class='ocrx_word' id='word_1_187' title='bbox 683 3138 844 3211; x_wconf 75' lang='lat' dir='ltr'><strong>ecciesiae</strong></span> <span class='ocrx_word' id='word_1_188' title='bbox 863 3154 1026 3222; x_wconf 90' lang='lat' dir='ltr'><strong>mentem,</strong></span> <span class='ocrx_word' id='word_1_189' title='bbox 1057 3164 1118 3210; x_wconf 91' lang='lat' dir='ltr'><strong>seu</strong></span> <span class='ocrx_word' id='word_1_190' title='bbox 1135 3137 1179 3210; x_wconf 87' lang='lat' dir='ltr'><strong>ad</strong></span> <span class='ocrx_word' id='word_1_191' title='bbox 1200 3164 1255 3211; x_wconf 91' lang='lat' dir='ltr'><strong>eo·</strong></span> 
     </span>
     <span class='ocr_line' id='line_1_26' title="bbox 148 3250 1253 3351; baseline 0.002 -28"><span class='ocrx_word' id='word_1_192' title='bbox 148 3250 373 3325; x_wconf 85' lang='lat' dir='ltr'><strong>clesiasiicum</strong></span> <span class='ocrx_word' id='word_1_193' title='bbox 400 3278 536 3325; x_wconf 89' lang='lat' dir='ltr'><strong>sensum</strong></span> <span class='ocrx_word' id='word_1_194' title='bbox 565 3252 682 3345; x_wconf 81' lang='lat' dir='ltr'><strong>horum</strong></span> <span class='ocrx_word' id='word_1_195' title='bbox 712 3278 876 3325; x_wconf 90' lang='lat' dir='ltr'><strong>canonum</strong></span> <span class='ocrx_word' id='word_1_196' title='bbox 903 3254 962 3323; x_wconf 89' lang='grc' dir='ltr'><strong>ΙΙΙ.</strong></span> <span class='ocrx_word' id='word_1_197' title='bbox 997 3269 1029 3324; x_wconf 88' lang='grc' dir='ltr'><strong>ει</strong></span> <span class='ocrx_word' id='word_1_198' title='bbox 1058 3252 1110 3320; x_wconf 92' lang='lat' dir='ltr'><strong>lll.</strong></span> <span class='ocrx_word' id='word_1_199' title='bbox 1141 3256 1253 3351; x_wconf 87' lang='lat' dir='ltr'><strong>(quos</strong></span> 
     </span>
     <span class='ocr_line' id='line_1_27' title="bbox 150 3366 1253 3469; baseline 0.004 -33"><span class='ocrx_word' id='word_1_200' title='bbox 150 3366 224 3438; x_wconf 90' lang='lat' dir='ltr'><strong>ideo</strong></span> <span class='ocrx_word' id='word_1_201' title='bbox 242 3369 495 3465; x_wconf 75' lang='lat' dir='ltr'><strong>coniungimus,</strong></span> <span class='ocrx_word' id='word_1_202' title='bbox 519 3369 599 3469; x_wconf 90' lang='lat' dir='ltr'><strong>qnia</strong></span> <span class='ocrx_word' id='word_1_203' title='bbox 618 3369 735 3441; x_wconf 84' lang='lat' dir='ltr'><strong>eodem</strong></span> <span class='ocrx_word' id='word_1_204' title='bbox 755 3369 941 3440; x_wconf 83' lang='lat' dir='ltr'><strong>reseruntur</strong></span> <span class='ocrx_word' id='word_1_205' title='bbox 961 3385 993 3440; x_wconf 89' lang='grc' dir='ltr'><strong>ει</strong></span> <span class='ocrx_word' id='word_1_206' title='bbox 1012 3393 1177 3465; x_wconf 87' lang='lat' dir='ltr'><strong>exaequo</strong></span> <span class='ocrx_word' id='word_1_207' title='bbox 1196 3367 1253 3439; x_wconf 82' lang='lat' dir='ltr'><strong>irn-</strong></span> 
     </span>
     <span class='ocr_line' id='line_1_28' title="bbox 149 3481 1254 3583; baseline 0.001 -31"><span class='ocrx_word' id='word_1_208' title='bbox 149 3497 339 3579; x_wconf 77' lang='lat' dir='ltr'><strong>pugnantur</strong></span> <span class='ocrx_word' id='word_1_209' title='bbox 355 3509 375 3554; x_wconf 89' lang='lat' dir='ltr'><strong>a</strong></span> <span class='ocrx_word' id='word_1_210' title='bbox 393 3485 580 3579; x_wconf 86' lang='lat' dir='ltr'><strong>Launoio),</strong></span> <span class='ocrx_word' id='word_1_211' title='bbox 602 3486 692 3583; x_wconf 87' lang='lat' dir='ltr'><strong>quod</strong></span> <span class='ocrx_word' id='word_1_212' title='bbox 707 3509 826 3582; x_wconf 89' lang='lat' dir='ltr'><strong>nempe</strong></span> <span class='ocrx_word' id='word_1_213' title='bbox 839 3508 897 3556; x_wconf 88' lang='lat' dir='ltr'><strong>eos</strong></span> <span class='ocrx_word' id='word_1_214' title='bbox 916 3483 1036 3578; x_wconf 80' lang='lat' dir='ltr'><strong>iugiter</strong></span> <span class='ocrx_word' id='word_1_215' title='bbox 1048 3482 1095 3554; x_wconf 90' lang='lat' dir='ltr'><strong>uti</strong></span> <span class='ocrx_word' id='word_1_216' title='bbox 1114 3481 1254 3579; x_wconf 80' lang='lat' dir='ltr'><strong>dogma-</strong></span> 
     </span>
     <span class='ocr_line' id='line_1_29' title="bbox 148 3595 1254 3699; baseline 0.001 -32"><span class='ocrx_word' id='word_1_217' title='bbox 148 3595 232 3669; x_wconf 91' lang='lat' dir='ltr'><strong>ticos</strong></span> <span class='ocrx_word' id='word_1_218' title='bbox 263 3595 438 3682; x_wconf 82' lang='lat' dir='ltr'><strong>hahuerit,</strong></span> <span class='ocrx_word' id='word_1_219' title='bbox 480 3599 605 3699; x_wconf 88' lang='lat' dir='ltr'><strong>duplici</strong></span> <span class='ocrx_word' id='word_1_220' title='bbox 636 3599 761 3673; x_wconf 87' lang='lat' dir='ltr'><strong>ratione</strong></span> <span class='ocrx_word' id='word_1_221' title='bbox 791 3598 1003 3682; x_wconf 83' lang='lat' dir='ltr'><strong>ostenditur,</strong></span> <span class='ocrx_word' id='word_1_222' title='bbox 1040 3599 1191 3694; x_wconf 70' lang='lat' dir='ltr'><strong>ospolim·</strong></span> <span class='ocrx_word' id='word_1_223' title='bbox 1221 3613 1254 3669; x_wconf 84' lang='lat' dir='ltr'><strong>et</strong></span> 
     </span>
     <span class='ocr_line' id='line_1_30' title="bbox 144 3711 1256 3812; baseline 0.001 -30"><span class='ocrx_word' id='word_1_224' title='bbox 144 3713 294 3809; x_wconf 83' lang='lat' dir='ltr'><strong>positive.</strong></span> <span class='ocrx_word' id='word_1_225' title='bbox 320 3713 496 3808; x_wconf 82' lang='lat' dir='ltr'><strong>Negative,</strong></span> <span class='ocrx_word' id='word_1_226' title='bbox 517 3731 684 3812; x_wconf 86' lang='lat' dir='ltr'><strong>quatenus</strong></span> <span class='ocrx_word' id='word_1_227' title='bbox 702 3740 799 3786; x_wconf 87' lang='lat' dir='ltr'><strong>nemo</strong></span> <span class='ocrx_word' id='word_1_228' title='bbox 816 3739 963 3812; x_wconf 91' lang='lat' dir='ltr'><strong>unquam</strong></span> <span class='ocrx_word' id='word_1_229' title='bbox 983 3737 1091 3811; x_wconf 91' lang='lat' dir='ltr'><strong>usque</strong></span> <span class='ocrx_word' id='word_1_230' title='bbox 1111 3711 1154 3785; x_wconf 91' lang='lat' dir='ltr'><strong>ad</strong></span> <span class='ocrx_word' id='word_1_231' title='bbox 1173 3714 1256 3785; x_wconf 87' lang='lat' dir='ltr'><strong>Lau·</strong></span> 
     </span>
     <span class='ocr_line' id='line_1_31' title="bbox 149 3826 1256 3916; baseline 0.003 -18"><span class='ocrx_word' id='word_1_232' title='bbox 149 3827 262 3900; x_wconf 91' lang='lat' dir='ltr'><strong>noium</strong></span> <span class='ocrx_word' id='word_1_233' title='bbox 283 3828 315 3899; x_wconf 92' lang='lat' dir='ltr'><strong>in</strong></span> <span class='ocrx_word' id='word_1_234' title='bbox 342 3826 481 3901; x_wconf 92' lang='lat' dir='ltr'><strong>dubium</strong></span> <span class='ocrx_word' id='word_1_235' title='bbox 509 3829 542 3900; x_wconf 89' lang='lat' dir='ltr'><strong>id</strong></span> <span class='ocrx_word' id='word_1_236' title='bbox 568 3830 787 3916; x_wconf 83' lang='lat' dir='ltr'><strong>revocaverit,</strong></span> <span class='ocrx_word' id='word_1_237' title='bbox 818 3830 864 3902; x_wconf 87' lang='lat' dir='ltr'><strong>ita</strong></span> <span class='ocrx_word' id='word_1_238' title='bbox 883 3846 921 3900; x_wconf 88' lang='lat' dir='ltr'><strong>ut</strong></span> <span class='ocrx_word' id='word_1_239' title='bbox 937 3844 1013 3902; x_wconf 90' lang='lat' dir='ltr'><strong>ante</strong></span> <span class='ocrx_word' id='word_1_240' title='bbox 1038 3827 1132 3900; x_wconf 89' lang='lat' dir='ltr'><strong>illum</strong></span> <span class='ocrx_word' id='word_1_241' title='bbox 1155 3854 1256 3901; x_wconf 89' lang='lat' dir='ltr'><strong>nemo</strong></span> 
     </span>
    </p>
   </div>
   <div class='ocr_carea' id='block_1_3' title="bbox 147 4004 1259 4392">
    <p class='ocr_par' dir='ltr' id='par_1_5' title="bbox 147 4004 1259 4392">
     <span class='ocr_line' id='line_1_32' title="bbox 217 4004 1257 4069; baseline 0.001 -13"><span class='ocrx_word' id='word_1_242' title='bbox 217 4008 266 4067; x_wconf 84' lang='grc' dir='ltr'><strong>(ιι)</strong></span> <span class='ocrx_word' id='word_1_243' title='bbox 283 4007 384 4057; x_wconf 82' lang='lat' dir='ltr'><strong>Dissert.</strong></span> <span class='ocrx_word' id='word_1_244' title='bbox 401 4009 455 4057; x_wconf 82' lang='lat' dir='ltr'><strong>xil.</strong></span> <span class='ocrx_word' id='word_1_245' title='bbox 476 4007 500 4057; x_wconf 90' lang='lat' dir='ltr'><strong>in</strong></span> <span class='ocrx_word' id='word_1_246' title='bbox 523 4020 571 4057; x_wconf 86' lang='lat' dir='ltr'><strong>sec.</strong></span> <span class='ocrx_word' id='word_1_247' title='bbox 589 4009 641 4058; x_wconf 67' lang='grc' dir='ltr'><strong>ΧΥ,</strong></span> <span class='ocrx_word' id='word_1_248' title='bbox 660 4009 684 4056; x_wconf 80' lang='grc' dir='ltr'><strong>ει</strong></span> <span class='ocrx_word' id='word_1_249' title='bbox 704 4009 766 4057; x_wconf 77' lang='lat' dir='ltr'><strong>xvi.</strong></span> <span class='ocrx_word' id='word_1_250' title='bbox 788 4010 825 4056; x_wconf 78' lang='lat' dir='ltr'><strong>Do</strong></span> <span class='ocrx_word' id='word_1_251' title='bbox 839 4009 1006 4058; x_wconf 81' lang='lat' dir='ltr'><strong>socrosancta</strong></span> <span class='ocrx_word' id='word_1_252' title='bbox 1027 4004 1122 4069; x_wconf 65' lang='lat' dir='ltr'><strong>mnodo</strong></span> <span class='ocrx_word' id='word_1_253' title='bbox 1145 4005 1257 4057; x_wconf 77' lang='lat' dir='ltr'><strong>trident.</strong></span> 
     </span>
     <span class='ocr_line' id='line_1_33' title="bbox 147 4085 653 4138; baseline 0.006 -5"><span class='ocrx_word' id='word_1_254' title='bbox 147 4089 193 4134; x_wconf 81' lang='lat' dir='ltr'><strong>uri,</strong></span> <span class='ocrx_word' id='word_1_255' title='bbox 207 4088 272 4138; x_wconf 81' lang='lat' dir='ltr'><strong>viii.</strong></span> <span class='ocrx_word' id='word_1_256' title='bbox 285 4085 316 4136; x_wconf 87' lang='lat' dir='ltr'><strong>de</strong></span> <span class='ocrx_word' id='word_1_257' title='bbox 328 4100 387 4138; x_wconf 83' lang='lat' dir='ltr'><strong>sess.</strong></span> <span class='ocrx_word' id='word_1_258' title='bbox 400 4090 465 4137; x_wconf 86' lang='lat' dir='ltr'><strong>xiii.</strong></span> <span class='ocrx_word' id='word_1_259' title='bbox 480 4087 583 4138; x_wconf 81' lang='lat' dir='ltr'><strong>decretis</strong></span> <span class='ocrx_word' id='word_1_260' title='bbox 593 4099 618 4136; x_wconf 86' lang='lat' dir='ltr'><strong>n.</strong></span> <span class='ocrx_word' id='word_1_261' title='bbox 633 4095 653 4137; x_wconf 87' lang='lat' dir='ltr'><strong>t.</strong></span> 
     </span>
     <span class='ocr_line' id='line_1_34' title="bbox 161 4165 1259 4237; baseline 0.002 -22"><span class='ocrx_word' id='word_1_262' title='bbox 161 4231 163 4237; x_wconf 27' lang='grc' dir='ltr'>Ι</span> <span class='ocrx_word' id='word_1_263' title='bbox 217 4167 267 4229; x_wconf 82' lang='grc' dir='ltr'><strong>(ιι)</strong></span> <span class='ocrx_word' id='word_1_264' title='bbox 283 4167 311 4216; x_wconf 89' lang='lat' dir='ltr'><strong>id</strong></span> <span class='ocrx_word' id='word_1_265' title='bbox 322 4168 401 4232; x_wconf 86' lang='lat' dir='ltr'><strong>ipsum</strong></span> <span class='ocrx_word' id='word_1_266' title='bbox 412 4169 515 4233; x_wconf 79' lang='lat' dir='ltr'><strong>contigit</strong></span> <span class='ocrx_word' id='word_1_267' title='bbox 524 4169 549 4218; x_wconf 91' lang='lat' dir='ltr'><strong>in</strong></span> <span class='ocrx_word' id='word_1_268' title='bbox 561 4181 610 4218; x_wconf 91' lang='lat' dir='ltr'><strong>non</strong></span> <span class='ocrx_word' id='word_1_269' title='bbox 620 4168 766 4232; x_wconf 84' lang='lat' dir='ltr'><strong>paucisaiiis</strong></span> <span class='ocrx_word' id='word_1_270' title='bbox 777 4168 911 4219; x_wconf 83' lang='lat' dir='ltr'><strong>canonibus</strong></span> <span class='ocrx_word' id='word_1_271' title='bbox 920 4166 1015 4218; x_wconf 83' lang='lat' dir='ltr'><strong>editisa</strong></span> <span class='ocrx_word' id='word_1_272' title='bbox 1028 4179 1096 4217; x_wconf 78' lang='lat' dir='ltr'><strong>conc.</strong></span> <span class='ocrx_word' id='word_1_273' title='bbox 1109 4165 1259 4230; x_wconf 74' lang='lat' dir='ltr'><strong>tridentino,</strong></span> 
     </span>
     <span class='ocr_line' id='line_1_35' title="bbox 148 4246 1255 4312; baseline 0.003 -19"><span class='ocrx_word' id='word_1_274' title='bbox 148 4259 210 4308; x_wconf 80' lang='lat' dir='ltr'><strong>qiios</strong></span> <span class='ocrx_word' id='word_1_275' title='bbox 220 4248 245 4296; x_wconf 92' lang='lat' dir='ltr'><strong>in</strong></span> <span class='ocrx_word' id='word_1_276' title='bbox 256 4247 478 4299; x_wconf 79' lang='lat' dir='ltr'><strong>Proelectioniius</strong></span> <span class='ocrx_word' id='word_1_277' title='bbox 491 4248 640 4312; x_wconf 70' lang='lat' dir='ltr'><strong>theolooicir</strong></span> <span class='ocrx_word' id='word_1_278' title='bbox 650 4248 758 4299; x_wconf 80' lang='lat' dir='ltr'><strong>diximus</strong></span> <span class='ocrx_word' id='word_1_279' title='bbox 766 4261 836 4312; x_wconf 75' lang='lat' dir='ltr'><strong>agere</strong></span> <span class='ocrx_word' id='word_1_280' title='bbox 845 4246 957 4308; x_wconf 76' lang='lat' dir='ltr'><strong>desasto</strong></span> <span class='ocrx_word' id='word_1_281' title='bbox 970 4261 1029 4298; x_wconf 80' lang='lat' dir='ltr'><strong>cum</strong></span> <span class='ocrx_word' id='word_1_282' title='bbox 1039 4251 1096 4297; x_wconf 79' lang='lat' dir='ltr'><strong>iure</strong></span> <span class='ocrx_word' id='word_1_283' title='bbox 1104 4250 1255 4298; x_wconf 78' lang='lat' dir='ltr'><strong>coniuncto.</strong></span> 
     </span>
     <span class='ocr_line' id='line_1_36' title="bbox 218 4320 1225 4392; baseline -0.003 -14"><span class='ocrx_word' id='word_1_284' title='bbox 218 4329 267 4389; x_wconf 84' lang='lat' dir='ltr'><strong>(it)</strong></span> <span class='ocrx_word' id='word_1_285' title='bbox 284 4329 322 4379; x_wconf 79' lang='lat' dir='ltr'><strong>ci.</strong></span> <span class='ocrx_word' id='word_1_286' title='bbox 337 4330 421 4380; x_wconf 79' lang='lat' dir='ltr'><strong>Geriiii</strong></span> <span class='ocrx_word' id='word_1_287' title='bbox 440 4331 560 4380; x_wconf 79' lang='lat' dir='ltr'><strong>Trnttuio</strong></span> <span class='ocrx_word' id='word_1_288' title='bbox 575 4328 619 4380; x_wconf 81' lang='lat' dir='ltr'><strong>dei</strong></span> <span class='ocrx_word' id='word_1_289' title='bbox 634 4332 750 4380; x_wconf 82' lang='lat' dir='ltr'><strong>matrim.</strong></span> <span class='ocrx_word' id='word_1_290' title='bbox 765 4332 826 4392; x_wconf 78' lang='lat' dir='ltr'><strong>pari.</strong></span> <span class='ocrx_word' id='word_1_291' title='bbox 840 4331 859 4376; x_wconf 88' lang='lat' dir='ltr'><strong>i.</strong></span> <span class='ocrx_word' id='word_1_292' title='bbox 873 4326 895 4390; x_wconf 74' lang='grc' dir='ltr'><strong>ς.</strong></span> <span class='ocrx_word' id='word_1_293' title='bbox 908 4330 939 4376; x_wconf 83' lang='lat' dir='ltr'><strong>v.</strong></span> <span class='ocrx_word' id='word_1_294' title='bbox 1219 4320 1225 4341; x_wconf 91' lang='lat'>&#39;</span> 
     </span>
    </p>
   </div>
   <div class='ocr_carea' id='block_1_4' title="bbox 0 0 1406 5062">
    <p class='ocr_par' dir='ltr' id='par_1_6' title="bbox 0 0 1406 5062">
     <span class='ocr_line' id='line_1_37' title="bbox 0 0 1406 5062; baseline 0 0"><span class='ocrx_word' id='word_1_295' title='bbox 0 0 1406 5062; x_wconf 95' lang='lat' dir='ltr'><strong> </strong></span> 
     </span>
    </p>
   </div>
  </div>
 </body>
</html>
