2804 5062
143 340 216 417 att
273 381 308 417 ·,
388 360 506 417 amu.
527 358 615 413 sacr.
636 360 660 410 ι.
680 359 725 413 ιι
739 357 866 420 namt·
880 354 1015 411 socan.
1091 379 1097 397 ·

140 480 391 564 ¹matrimonium
416 479 577 568 ineundi,
600 493 741 580 'propter
771 477 851 551 lidei
876 491 936 553 aut
959 473 1143 551 οιιιιίιιιίι
1169 498 1257 552 scan-

140 595 257 673 dalum
283 595 374 696 quad
400 595 546 694 patitur3
576 594 669 696 quad
694 594 726 668 ai
751 591 881 669 nullum
906 616 985 668 esse
1008 590 1204 692 periculum
1224 593 1256 665 in

141 709 393 788 cohabitatione
406 708 547 798 uiderit,
564 708 679 784 iubeat
694 723 872 808 expectare
879 704 1070 796 infidelem,
1085 707 1258 783 autetiam

142 826 317 914 consulat,
339 825 376 909 ,si
392 825 564 925 'prodesse
588 823 791 922 intelligat.»

106 1035 110 1044 .
142 990 145 996 n
214 939 307 1023 Adeo
331 955 442 1014 autem
469 938 609 1013 firmiter
627 937 818 1038 apostoliea
842 935 942 1013 sedes
966 936 1092 1011 institit
1118 935 1261 1012 accessi·

140 1056 203 1140 tati
228 1054 403 1129 faciendae
426 1053 730 1155 interpellationis,
756 1077 838 1127 num
854 1078 934 1154 pars
951 1051 1105 1133 infidelis
1122 1076 1260 1128 οοιιιιιι·

142 1171 205 1256 ιίιι,
227 1170 304 1246 sine
330 1162 465 1243 iniuria
480 1168 648 1244 Creatoris
664 1193 743 1242 cum
760 1183 856 1268 parte
873 1165 966 1242 fideli
984 1165 1206 1254 cohabitare,
1227 1182 1261 1242 at

143 1283 238 1370 uallo
269 1311 431 1386 umquam
462 1285 499 1358 in
528 1310 632 1373 casu,
660 1309 737 1361 oum
770 1283 843 1358 lieri
873 1298 1023 1385 ροιιιι,
1042 1281 1259 1414 praetermitti

143 1424 218 1479 eam
234 1400 448 1490 indulserit,
454 1415 492 1474 ut
508 1415 600 1502 patet
616 1422 658 1474 ex
675 1398 846 1477 solutione
860 1399 933 1473 ad
923 1398 1161 1529 maequentia
1142 1394 1260 1473 dultia

144 1540 215 1601 sae.
243 1514 495 1614 congregationi
521 1541 543 1588 a
569 1513 802 1615 propagando
812 1512 1000 1591 christiano
1021 1513 1165 1603 nornine
1178 1537 1259 1588 naa·

143 1645 286 1803 cupatae
309 1628 494 1731 proposita
509 1628 699 1728 Siquidem:

155 1746 252 1834 ,Α
281 1741 430 1817 Dubium
454 1742 634 1817 excitatum
659 1758 729 1818 est:
757 1757 871 1819 atrtrm
895 1743 940 1819 ad
962 1743 1125 1821 effecmm
1150 1710 1257 1833 ιιιιιίτ

141 1858 248 1949 monii
238 1857 501 1946 dissolvendi
492 1874 585 1933 auxta
599 1857 838 1958 privilegium
828 1856 1026 1934 relatorem
1040 1859 1125 1938 fidei
1138 1886 1161 1936 ι
1172 1857 1256 1935 (llari-

144 1990 196 2065 stc
211 1974 356 2061 Domino
378 1998 597 2064 conoessum,
617 1989 652 2048 et
668 1973 713 2048 ab
732 1971 892 2075 Apostolc
914 1972 1200 2075 promulgatum„
1211 1974 1256 2048 iu·

142 2087 335 2190 tarpcllatio
366 2089 473 2188 pertis
498 2088 535 2162 in
559 2086 760 2164 infidelitate
792 2089 1105 2190 permanentis-sit..
1119 2090 1166 2166 de
1183 2090 1256 2165 iure

143 2200 284 2295 diuino,
315 2222 417 2306 atque
443 2204 530 2282 adeo
555 2206 772 2293 necessaria,
808 2221 917 2282 utea
944 2204 1098 2305 neglecta
1115 2205 1254 2299 „nullus

144 2321 245 2421 plane
275 2320 440 2395 habeatur
464 2321 670 2395 matrimonii
700 2320 909 2396 dissolvendi
934 2321 1063 2397 locus?
1083 2321 1139 2396 An
1155 2321 1253 2398 solum

145 2439 312 2540 pertineat
334 2438 378 2512 ad
403 2438 546 2512 sormam
571 2437 787 2527 iudicialem,
813 2464 876 2512 nec
904 2439 1124 2540 requiratur,
1145 2440 1209 2514 nisi
1223 2453 1255 2512 ιι

145 2553 326 2628 dissolutio
348 2553 436 2626 licite
454 2552 531 2639 liat,
550 2554 747 2654 praesertim
770 2579 846 2627 oum
864 2552 999 2628 aliunde
1020 2571 1155 2630 constet
1175 2554 1253 2628 iudi·

145 2667 208 2741 ciis
240 2666 411 2741 moraliter
446 2669 570 2757 certis,
600 2668 741 2742 alterum
767 2668 947 2766 coniugum
973 2695 1035 2743 nec
1066 2671 1171 2746 fidem
1195 2695 1252 2745 am-

144 2780 245 2881 plecti
272 2806 334 2854 nec
361 2781 436 2854 sine
460 2781 663 2857 contumelia
688 2780 856 2856 Creatoris
880 2781 967 2856 velle
991 2783 1212 2861 cohabitare?

217 2894 280 2968 Cui
305 2894 409 2969 dubio
428 2896 604 2996 respondit
620 2922 689 2972 sac.
713 2896 945 2996 congregatio,
965 2923 1034 2972 non
1053 2925 1134 2975 esse
1151 2901 1250 2976 locum

144 3010 360 3086 dissolutioni
386 3011 589 3087 matrimonii
615 3012 650 3085 ia
675 3011 874 3087 infidelitate
905 3014 1088 3105 contracti,
1116 3017 1156 3102 ‘in
1180 3041 1251 3092 cesa

144 3128 188 3201 de
213 3153 281 3228 quc
307 3128 437 3225 agitur,
456 3129 525 3199 nisi
547 3129 807 3226 interpellatione
819 3131 1018 3228 praesuma,
1040 3147 1101 3207 aut
1119 3131 1186 3207 uisi
1203 3130 1252 3206 cb·

145 3260 236 3318 tenta
260 3242 421 3341 legitimis
446 3270 487 3317 ex
512 3243 647 3332 causis,
667 3269 770 3343 super
792 3244 1062 3344 interpellatione
1078 3247 1253 3348 apostolice

145 3357 411 3457 dispensatione.

219 3474 253 3543 2.
282 3474 369 3545 Num
395 3471 467 3546 sola
493 3472 537 3546 dc
563 3472 723 3570 religione
744 3475 974 3578 amplectenda
992 3477 1144 3554 sufficiat
1162 3481 1252 3553 inter·

145 3587 294 3685 rogatio:
322 3603 434 3659 atram
458 3588 581 3659 scilicet
602 3615 685 3686 pare
712 3592 747 3661 ιἰι
771 3590 963 3691 infidelitate
987 3619 1163 3668 remanens
1186 3591 1252 3667 oelit

145 3703 289 3775 converti
315 3701 440 3773 necue?
471 3700 568 3787 Quod
599 3701 746 3778 Thomae
777 3705 929 3779 Sanchez
962 3708 1164 3782 auctoritate
1188 3703 1250 3780 freti

145 3817 339 3890 existimant
363 3815 469 3916 aliqui
488 3842 529 3889 cx
547 3817 790 3905 missionariis;
813 3847 856 3893 an
878 3820 990 3920 patius
1012 3821 1248 3923 interpellatio:

149 3932 265 4004 Utrum
281 3933 397 4005 saltem
410 3959 492 4033 pars
510 3936 546 4005 ιἰι
563 3933 753 4034 infidelitate
766 3961 978 4034 perseverane
995 3937 1120 4037 absque
1135 3939 1252 4013 Creato-

144 4046 194 4118 rie
219 4048 413 4121 contumelio
429 4047 613 4121 cohabitare
632 4051 826 4134 consentiat,
843 4050 888 4124 sit
901 4071 1037 4151 quoque
1052 4050 1248 4134 essentialis,

145 4175 179 4233 et
203 4161 357 4235 absolute
383 4163 562 4265 requisita,
584 4164 631 4238 ita
648 4181 685 4238 ut
702 4164 761 4237 illa
777 4167 1034 4265 praetermissa,
1059 4193 1128 4243 neu
1154 4166 1248 4243 solum

146 4299 210 4347 aon
224 4275 325 4360 licite,
339 4276 509 4353 sedetiam
523 4278 708 4354 ncnoclide
722 4280 971 4357 matrimonium
984 4281 1128 4372 dissolui
1141 4275 1250 4385 queat?
