2804 5062
233 317 1131 423 metuuntmtmurbtsanttur.{amillau-tar.111.
1185 345 1252 422 lii

101 491 103 503 '
177 485 371 571 conveniunt,
393 499 433 557 ut
451 484 580 558 idoneo
595 483 668 559 loco
689 482 911 561 ostendimus.
935 489 968 560 3.
986 473 1257 586 rigiturdemum

173 597 475 688 deconsuetudine,
494 626 582 701 quae
606 603 889 703 quemadmodum
914 601 1046 701 coepit,
1075 603 1123 677 ita
1143 603 1257 678 haete-

168 739 214 790 nus
236 715 382 790 invaluit
401 741 442 790 ac
462 709 657 817 perduravit
676 714 819 793 ecclesia
842 713 1001 792 universa
1023 718 1209 818 probantu
1253 747 1256 753 ·

217 831 289 906 llno
307 831 458 920 accedit,
478 833 570 932 quod
587 824 617 908 si
636 830 720 908 baec
736 833 943 908 consuetudo
960 832 1187 932 abrogaretur,
1203 859 1257 908 ro·

160 941 209 1017 bnr
225 971 368 1045 prorsus
385 945 634 1021 ecclesiasticae
655 944 858 1049 disciplinae
873 941 941 1022 non
959 963 1173 1022 enervaretur
1184 973 1256 1022 mo·

155 1058 213 1148 do,
239 1061 302 1135 sed
325 1060 558 1151 disiiceretur,
587 1079 686 1162 prout
705 1060 851 1147 uidimus
874 1062 1004 1138 lassum
1028 1059 1105 1138 esse
1130 1062 1257 1137 Cabus·

153 1175 287 1263 sutiam,
313 1176 562 1278 agnovisseque
584 1174 785 1253 tridentinos
806 1195 937 1278 patres,
958 1177 1017 1278 qui
1034 1178 1100 1252 hac
1115 1176 1193 1278 ipsa
1212 1177 1255 1251 dc

151 1313 247 1364 causa
277 1290 458 1365 noluemnt
487 1291 657 1393 episcopis
687 1293 877 1367 facultatem
907 1294 1053 1368 tribuere
1083 1293 1254 1369 relaxandi

150 1404 178 1476 in
196 1421 321 1505 quarto
337 1407 640 1504 consanguinitatis
666 1408 771 1506 gradu
793 1411 868 1506 (tt)
900 1407 951 1482 dd
971 1433 1047 1483 eum
1069 1409 1173 1507 igitur
1188 1433 1255 1482 mo·

148 1518 238 1608 dum,
259 1511 465 1620 quocontra
486 1521 593 1620 legem
614 1523 706 1597 nulla
730 1523 972 1599 consuetudine
993 1523 1176 1625 praescribi
1195 1549 1255 1622 pc·

147 1649 221 1723 test,
245 1637 277 1708 si
302 1627 536 1712 ecelesiastica
555 1637 734 1739 disciplina
758 1639 837 1713 inde
861 1639 1096 1712 detrimentum
1121 1637 1250 1738 capiat,

148 1764 177 1822 ut
198 1750 421 1827 Innocentius
447 1752 505 1823 lll.
528 1753 644 1826 statuit
669 1754 703 1825 in
730 1747 805 1854 cap.
825 1755 907 1825 Cum
927 1755 1023 1825 inter.
1040 1753 1088 1825 De
1109 1748 1249 1823 consuet.

150 1865 189 1938 tic
204 1890 320 1965 neque
336 1882 456 1939 contm
475 1859 752 1941 consuetudinem
770 1869 955 1967 quidquam
973 1865 1165 1947 audendum
1182 1882 1250 1954 est,

151 1979 199 2050 ubi
227 1981 302 2055 eius
331 1998 391 2054 aut
416 1980 548 2055 sublata
574 2000 631 2055 aut
657 1983 832 2055 imminuta
862 1983 917 2069 vi,
945 1997 1044 2081 prout
1069 1980 1193 2054 accidit
1217 1983 1252 2052 in

152 2119 220 2167 casu
238 2112 377 2182 nostro,
398 2096 647 2171 ecclesiasticae
674 2096 877 2196 disciplinae
902 2097 1038 2169 exitium
1061 2097 1096 2167 in
1120 2121 1155 2167 re
1176 2121 1254 2193 gra·

153 2206 267 2283 tissimi
290 2236 376 2282 sane
396 2211 554 2282 momenti
576 2208 769 2310 impendeat
786 2214 873 2306 (tt).

208 2325 311 2398 llaud
329 2350 498 2398 mommur
514 2324 548 2396 in
566 2350 606 2400 eo
624 2327 716 2425 quod
743 2342 910 2425 postremo
931 2324 1004 2399 loco
1031 2324 1187 2398 subditur
1209 2324 1253 2397 de

154 2438 207 2512 iure
219 2439 459 2542 episcoporum
468 2443 614 2540 proprio.
624 2439 696 2514 Hoc
708 2441 797 2514 enim
812 2440 951 2541 perinde
964 2455 1015 2513 est
1028 2465 1068 2513 ac
1080 2464 1253 2514 assumere

154 2555 228 2651 quod
245 2556 283 2626 in
302 2556 501 2654 quaestione
517 2574 569 2629 est
586 2556 752 2655 positum,
774 2556 931 2655 quodque
949 2557 1110 2630 hactenus
1129 2554 1251 2628 lalsum

153 2692 182 2742 aa
197 2653 377 2744 erroneum
394 2696 471 2744 esse
490 2672 711 2745 ostendimus.
733 2670 1021 2757 Quemadmodum
1047 2672 1136 2745 enim
1155 2698 1253 2745 nemo

154 2786 375 2885 aepiscopis
408 2801 555 2859 statuere
580 2786 668 2860 valet
694 2787 965 2887 impedimentum
995 2786 1177 2873 dirimens,
1206 2782 1253 2858 ite

155 2924 236 2976 auno
261 2915 373 3001 potest
398 2900 479 2974 illud
506 2901 668 2976 relaxare.

208 3016 260 3089 Ex
285 3015 343 3088 bis
368 3012 558 3112 colligimus
584 3017 667 3116 quid
693 3018 736 3096 de
760 3016 924 3091 eiusmodi
955 3016 1148 3090 auctoribus
1173 3041 1252 3088 sen·

150 3128 288 3203 tiendum
311 3128 376 3216 sit,
395 3129 456 3229 qui
483 3129 546 3202 sub
573 3131 673 3203 linem
699 3131 806 3231 elapsi
833 3131 937 3219 seculi
964 3130 1116 3229 undique
1140 3129 1252 3201 insur-

148 3261 291 3318 memnt
309 3243 353 3316 ad
370 3244 547 3318 ecclesiam
565 3246 826 3346 perturbandam
845 3246 1115 3344 vexandumque,
1138 3243 1252 3350 cuius·

147 3361 224 3433 nodi
251 3362 341 3432 inter
363 3376 490 3434 ceteros
517 3361 649 3434 suerunt
669 3363 802 3434 Pereira
827 3363 862 3432 in
889 3360 1077 3445 Lusitania,
1092 3360 1190 3447 ⁴litte
1215 3358 1251 3429 in

146 3475 247 3565 ltalia,
269 3476 433 3550 electores
451 3476 673 3552 ecclesiastici
690 3479 724 3549 in
744 3478 932 3564 Germania,
953 3476 1133 3548 Durandus
1145 3501 1165 3547 a
1178 3473 1252 3546 llil·-

144 3589 220 3666 laute
240 3593 276 3664 in
291 3592 424 3679 Galliis,
442 3592 657 3667 Oberhausar
675 3594 710 3664 in
729 3591 882 3679 dustria,
903 3590 1029 3692 aliique
1047 3618 1132 3691 pene
1150 3593 1251 3662 innu-

144 3710 213 3780 meri
228 3708 427 3781 earumdem
442 3707 651 3807 aliarumque
663 3710 811 3806 gentium
826 3709 1023 3809 scriptores,
1040 3733 1181 3807 quorum
1191 3732 1251 3777 no-

143 3824 224 3897 mina
236 3823 341 3897 veluti
357 3823 391 3894 in
407 3842 513 3896 terrae
525 3824 661 3924 pulvere
679 3825 847 3923 descripta
861 3841 958 3898 vento
971 3823 1082 3896 ablata
1091 3837 1181 3906 aunt,
1194 3836 1252 3891 aut

199 4096 249 4156 (aa)
265 4095 305 4144 ct.
318 4096 386 4143 loan.
395 4095 482 4144 §allier
494 4096 518 4144 in
530 4096 616 4159 opcui
627 4095 804 4158 till’opiuton
813 4095 857 4145 des
867 4095 1078 4156 summitatemque
1088 4091 1252 4155 tanpeseut

144 4177 194 4230 ml
204 4174 340 4240 dtrpenser
353 4189 402 4225 sur
415 4176 451 4225 tes
464 4175 668 4240 mnpdclterneuts
680 4176 820 4227 ‘dtrtments
831 4176 868 4226 du
880 4177 998 4237 mortuae
1009 4173 1153 4223 introduttr
1166 4184 1219 4236 por
1227 4170 1251 4220 lc
1322 4235 1324 4240 ,

147 4247 201 4302 lrttt
208 4255 312 4316 positis.
327 4256 453 4305 Toalousc
467 4263 534 4306 teat.

201 4333 251 4394 (tt)
268 4335 308 4384 cl.
323 4334 366 4384 cit.
379 4334 481 4386 Dissert.
493 4338 530 4386 De
543 4339 620 4399 eptae.
635 4338 661 4385 r'u
676 4334 913 4400 dispensationibus
923 4338 1035 4398 etccop.
1048 4336 1089 4384 lv.
1182 4410 1202 4453 ᾖ
