2804 5062
158 329 168 343 Ἰ
233 353 304 427 tlt
466 372 527 426 nn.
550 373 586 426 ιι.
608 371 696 425 anor.
714 371 739 424 ι.
760 371 801 423 ιι
819 368 945 422 rorrsr.
966 361 1093 421 metra.

232 508 351 580 natur,
383 514 451 566 non
476 491 542 566 erit
569 489 752 589 exigenda3
776 502 813 564 at
836 512 878 562 eu
899 486 1124 588 praesumitur
1144 501 1206 561 ant
1225 485 1345 563 saltem

231 608 401 710 praesumi
418 623 545 708 potest,
560 606 619 681 ubi
637 605 680 681 de
692 630 855 706 expressa
866 603 1099 679 retractatione
1110 627 1179 678 non
1193 619 1344 693 constet,

230 750 308 801 eum
321 750 389 799 non
402 722 547 799 sufficiat
560 721 748 797 retractatio
764 720 1015 821 interpretativa
1031 745 1072 794 ex
1088 718 1262 795 sententia
1279 719 1359 822 plu·

231 840 392 916 rimorum
412 838 643 937 theologorum
666 840 755 935 (32).
778 837 937 924 Quinimo
953 835 1155 911 Benedictus
1171 836 1258 910 xlv.
1282 861 1354 912 non

231 954 341 1031 solum
364 955 454 1029 inter
470 953 678 1029 conditiones
700 953 743 1026 ad
770 951 917 1026 dandam
941 951 1109 1032 eiusmodi
1134 951 1354 1026 sanationem

232 1095 416 1170 numquam
442 1083 594 1143 recenset
614 1066 703 1141 hanc
721 1066 1007 1167 perseverantiam
1024 1064 1186 1142 moralem
1208 1066 1244 1138 in
1271 1065 1355 1141 dato

232 1208 422 1274 consensu,
449 1183 692 1259 verumetiam
720 1181 870 1257 excludit
893 1182 977 1256 satis
1000 1197 1136 1282 aperte,
1163 1182 1250 1256 dum
1275 1207 1351 1258 con·

232 1297 337 1373 cessit
356 1298 643 1401 dispensationem
661 1299 697 1371 in
718 1297 832 1371 radice
850 1295 1053 1371 matrimonii
1070 1296 1153 1370 dum
1169 1295 1259 1370 alter
1274 1321 1349 1371 con·

232 1414 350 1512 iugum
370 1415 406 1488 in
431 1413 657 1489 tribunalibus
683 1413 921 1488 sollicitaverat
938 1410 1165 1501 solutionem,
1196 1411 1347 1513 adeoque

222 1545 396 1631 quantum
421 1532 456 1603 in
482 1557 520 1605 se
544 1548 616 1604 erat
639 1557 737 1605 suum
762 1553 969 1605 consensum
992 1543 1232 1603 retractarent
1258 1531 1342 1626 (33).

232 1643 283 1718 ax
307 1672 377 1746 quo
406 1644 559 1720 nonnulli
591 1645 739 1720 inierunt
767 1671 869 1746 posse
891 1670 976 1720 rom.
1005 1643 1203 1744 pontificem
1230 1667 1345 1720 sanare

232 1762 426 1862 coniugium
450 1764 485 1836 in
512 1763 650 1851 radice,
679 1762 835 1862 quamvis
852 1760 1086 1836 contrahentes
1111 1761 1250 1859 cognita
1274 1785 1345 1862 pro·

234 1876 300 1978 prii
325 1878 529 1954 matrimonii
551 1876 708 1952 nullitate
726 1878 868 1977 positive
892 1901 1096 1952 consensum
1121 1901 1225 1950 suum
1250 1891 1344 1952 retra·

236 2009 385 2069 ctassent
408 1997 497 2091 (dl).
527 1994 621 2068 llatio
646 2019 727 2069 vero
757 2009 829 2082 est,
862 1993 944 2095 quin
969 1992 1037 2067 nisi
1069 1991 1262 2068 obstitisset
1289 1991 1346 2066 im·

234 2109 464 2208 pedimentum
497 2110 697 2186 canonicum
723 2126 925 2208 tamquam
958 2109 1119 2208 coniuges
1145 2132 1346 2185 consensum

235 2224 422 2299 naturalem
447 2225 696 2325 praebuerunt,
726 2225 914 2300 certissime
931 2225 1184 2300 matrimonium
1201 2224 1346 2300 validum

235 2338 379 2430 luissct;
407 2367 508 2442 porro
539 2369 623 2418 rom.
652 2342 830 2443 pontifices
861 2340 1014 2416 sanando
1038 2340 1293 2415 matrimonium
1315 2339 1345 2413 in

236 2454 364 2544 radice,
380 2473 522 2545 sanant,
551 2482 612 2532 seu
631 2455 753 2531 tollunt
765 2456 883 2530 vitium
897 2456 988 2557 quod
1003 2456 1195 2531 intercessit
1219 2455 1256 2530 in
1278 2471 1347 2532 acta

234 2595 303 2669 quc
327 2572 522 2670 coniugium
547 2573 751 2648 celebratum
777 2588 840 2647 est.

306 2684 345 2757 ld
363 2685 521 2784 contigit,
544 2688 706 2761 reserante
718 2687 899 2785 Belgenio,
916 2687 952 2760 in
967 2687 1113 2761 Etruria.
1131 2688 1218 2761 Cum
1232 2687 1347 2762 mulier

235 2800 401 2901 quaedam
425 2801 533 2875 accita
556 2801 600 2876 ab
623 2803 784 2903 episcopo
817 2803 933 2876 Falchi
965 2803 1133 2904 Scipionis
1159 2803 1251 2879 llicci
1277 2829 1347 2879 suc·

234 2941 367 2991 cessero
393 2917 428 2990 in
445 2916 592 2992 dioecesi
610 2918 804 3018 pistoriensi
822 2934 856 2992 ct
872 2920 1018 3018 pratensi
1034 2977 1043 3009 ‚
1060 2935 1162 3020 atqrm
1177 2921 1345 2997 admonita

233 3031 277 3106 de
301 3031 454 3108 nullitate
479 3034 533 3108 sui
559 3034 733 3132 coniugii,
762 3061 803 3110 eo
828 3034 920 3136 quod
945 3035 1073 3110 nullius
1103 3036 1205 3109 luerit
1228 3035 1347 3111 valoris

234 3148 445 3250 dispensatio
470 3178 572 3252 quam
590 3153 660 3223 iure
678 3153 813 3250 proprio
838 3151 977 3226 dederat
1001 3150 1245 3252 praedecessor
1269 3175 1348 3226 suus

235 3290 338 3364 super
354 3265 595 3365 impedimento
613 3267 797 3351 oollitotis,
815 3267 892 3365 ipsa
909 3266 1020 3340 renuit
1035 3291 1242 3340 consensum
1259 3291 1350 3341 reno-

233 3402 324 3452 vare.
342 3379 467 3455 lnstitit
490 3381 669 3482 episcopus
696 3380 825 3456 meliori
851 3407 920 3481 qua
940 3382 1049 3481 potuit
1069 3382 1198 3456 ratione
1219 3397 1258 3455 ut
1280 3405 1348 3456 eam

235 3492 407 3570 induceret
424 3495 468 3570 ad
487 3523 689 3574 consensum
707 3497 956 3584 renovandum
982 3511 1036 3571 ast
1058 3523 1250 3597 perperam.
1271 3498 1349 3571 llam

234 3610 392 3683 exterruit
421 3613 679 3687 comminatione
708 3639 893 3713 poenarum
929 3612 1262 3701 ecclesiasticarum,
1292 3610 1348 3685 sed

236 3724 370 3800 lrustra.
398 3727 512 3800 Donec
539 3729 687 3826 pontiler
713 3729 793 3802 Pius
816 3729 871 3800 Vl.
895 3727 938 3801 od
956 3755 1057 3828 quem
1074 3730 1262 3830 opiscopus
1279 3752 1350 3801 con·

303 3938 354 4001 (aa)
369 3941 406 3991 lta
415 3943 514 3992 censent
523 3942 627 3993 Antoine
639 3942 725 3994 Tltaol,
738 3941 834 3993 moral.
846 3941 879 3993 de
888 3944 969 3993 matr.
982 3955 1036 4004 cap.
1048 3948 1071 3992 2.
1084 3955 1110 4005 q.
1121 3948 1145 3992 6.
1154 3953 1220 4005 resp.
1231 3948 1255 3992 2.
1266 3939 1348 3992 collat.

239 4021 335 4080 quaest.
354 4023 393 4072 ll.
411 4035 436 4084 p.
454 4026 509 4072 557.
528 4023 646 4073 cualliatl
662 4022 748 4074 theol.
767 4022 862 4073 moral.
885 4025 946 4073 tom.
966 4025 998 4073 ll.
1020 4036 1045 4086 p.
1066 4027 1120 4074 272.
1136 4022 1256 4072 ὓιιΙιιιι
1271 4016 1349 4072 raon

237 4095 270 4147 de
279 4099 386 4149 motrlm
395 4104 497 4165 quaest.
517 4101 569 4154 ult.
583 4102 636 4152 obs.
652 4110 690 4154 ιι.
702 4102 742 4153 ad.
754 4103 780 4153 in
797 4110 820 4154 s.
833 4105 895 4153 tom.
911 4105 955 4153 lx.
971 4115 994 4166 p.
1007 4109 1061 4154 ess.
1075 4114 1097 4154 s.
1109 4102 1252 4167 Alphonsns
1269 4100 1301 4152 de
1313 4096 1347 4151 ni·

237 4177 308 4240 geori
326 4181 364 4229 De
380 4184 497 4232 matrim
517 4196 571 4247 cap.
585 4184 629 4233 111.
642 4182 703 4234 dub.
716 4185 760 4234 111.
773 4197 799 4247 q.
812 4186 842 4235 V.
858 4196 883 4233 n.
897 4186 966 4234 1111.

304 4257 356 4320 (aa)
370 4260 399 4308 ln
410 4260 481 4311 Brevi
499 4274 542 4313 acu
563 4263 667 4313 Decreto
676 4264 719 4314 cit.
731 4265 790 4315 ΕΜ
808 4262 1022 4313 motrtmcntalta.

304 4338 354 4402 (tt)
369 4339 408 4389 lta
426 4343 514 4392 ιιιῑιι
532 4353 671 4406 anonymus
687 4342 730 4395 clt.
744 4342 868 4396 dissertat.
878 4354 934 4406 pag.
946 4349 986 4393 oo.
