2804 5062
247 313 314 401 tut
436 335 499 385 mr.
520 308 665 410 udones.
684 335 814 387 stram.
835 335 875 387 na
901 334 1031 387 norror.
1048 333 1165 406 muru.-

243 454 354 553 lagum
380 454 613 554 dispositione.
634 452 769 527 Minime
792 477 871 529 vero
899 452 1024 528 vaiebit
1042 453 1145 535 venia
1165 479 1188 526 a
1208 454 1344 554 principe

242 571 341 657 data,
366 584 422 658 ut,
444 569 475 643 si
495 594 584 669 quae
606 567 752 644 fuissent
775 568 946 647 inritantia.
965 567 1213 667 impedimenta
1237 567 1281 643 ab
1304 595 1347 645 ec

243 685 350 761 olesia
374 684 554 759 constituta
581 684 806 773 solverentur,
822 709 862 758 ac
878 683 1065 782 legitimum
1083 683 1234 768 evadam
1249 710 1349 759 eamn

242 800 313 875 Deo
338 816 371 874 et
395 824 508 873 coram
533 797 677 873 ecelesia
703 815 896 875 censeretur
924 799 1120 898 coniugium
1146 798 1303 900 alioquin
1325 799 1351 886 il,-

244 915 441 1013 legitimum.
469 915 623 988 Ceterum
648 915 932 1015 quemadmodum
961 913 1143 1010 diximus,
1165 940 1266 991 -cum
1293 941 1352 989 ma

244 1032 402 1107 trimonia
426 1029 472 1106 ab
495 1047 639 1132 utraque
664 1046 827 1133 potestate
852 1030 1022 1132 prohibita
1047 1047 1149 1120 sunt,
1169 1031 1218 1105 ad
1236 1047 1352 1121 utram

243 1174 310 1247 que
335 1162 534 1247 potestatem
552 1147 624 1221 fieri
642 1146 743 1221 debet
760 1171 918 1222 recursus
935 1173 996 1248 pm
1012 1147 1208 1248 respectiva
1230 1146 1353 1247 disper

244 1264 386 1339 satione.
1187 1330 1191 1335 .

316 1380 366 1452 Ne
383 1404 463 1454 vero
488 1379 571 1453 haee
592 1406 613 1453 a
635 1379 735 1455 nobis
759 1380 864 1478 gratis
890 1378 1038 1477 confingi
1063 1379 1145 1478 quie
1170 1379 1351 1465 existimet,

246 1494 329 1568 satis
349 1510 403 1569 est
424 1494 603 1592 diligenter
627 1495 777 1596 ipsarum
802 1495 913 1593 legum
939 1494 1101 1573 formulas
1116 1511 1153 1570 et
1170 1511 1352 1581 contextura

245 1609 424 1710 inspicere.
453 1609 500 1683 Ac
526 1611 636 1710 primo
658 1611 791 1685 initium
815 1611 984 1686 sumimus
1008 1609 1129 1709 alege
1153 1609 1227 1687 lata
1242 1611 1287 1687 ab
1303 1612 1354 1685 iro·

243 1740 395 1824 peratore
421 1724 611 1800 Theodosio
634 1725 690 1800 cui
717 1725 802 1800 adeo
828 1724 956 1801 insistit
981 1726 1156 1801 Lauricius
1184 1724 1353 1825 (moui

244 1840 387 1915 testibus
417 1841 516 1915 Serto
550 1839 686 1914 Aurelio
715 1841 873 1929 Victore,
903 1839 1080 1915 Ambrosio
1109 1856 1144 1915 et
1160 1824 1353 1940 ¹Augustino

248 1956 396 2029 «Etiam
423 1956 541 2029 iratres
567 1955 735 2056 patrueles
760 1973 794 2030 et
817 1957 1038 2031 consobrinos
1070 1956 1182 2032 vetuit
1215 1958 1353 2037 inter-,sa

246 2069 395 2167 coniugii
420 2071 599 2145 convenire
623 2070 777 2159 numine,
797 2087 832 2145 et
851 2071 1102 2147 severissimam
1124 2092 1273 2170 poem
1296 2088 1352 2145 sta

246 2183 310 2258 tuit
325 2187 439 2280 (96).»
450 2184 570 2258 Verum
587 2186 665 2285 quis
682 2211 750 2260 non
773 2183 867 2259 videt
882 2210 924 2259 ea
939 2184 975 2258 in
993 2183 1068 2282 lege
1083 2184 1130 2259 de
1149 2186 1276 2284 poenis
1293 2202 1352 2259 tan·

243 2298 414 2379 tummodu
439 2301 494 2398 agi
520 2301 664 2377 decretis
688 2301 723 2372 in
754 2299 976 2390 infractores,
1005 2325 1068 2375 nec
1101 2299 1216 2387 ulium
1247 2300 1351 2385 baberi

243 2415 401 2503 verbum,
421 2442 489 2516 quo
505 2415 559 2490 vel
576 2416 766 2490 insinuetur
779 2416 917 2517 quidem
936 2415 1077 2491 irritatio
1093 2415 1270 2493 eiusmodi
1284 2444 1351 2493 oon

245 2532 413 2628 iugiorum
439 2531 550 2630 quoad
574 2530 770 2605 vinculum?
788 2531 1001 2632 Proindeque
1020 2532 1050 2606 si
1068 2559 1139 2631 qua
1158 2533 1244 2608 data
1267 2532 1351 2608 tuerit

245 2646 454 2746 dispensatio
471 2648 514 2741 ab
531 2648 649 2722 eodem
674 2648 875 2747 imperatore
899 2648 986 2722 haec
1009 2648 1159 2731 indictae
1177 2676 1305 2750 poenas
1319 2648 1352 2723 si

244 2761 368 2834 militer
392 2762 601 2859 attingebat,
631 2789 758 2862 easque
782 2764 964 2840 relaxabat.

315 2878 408 2950 ldem
434 2877 491 2949 dic
512 2878 555 2952 de
577 2878 682 2952 altera
705 2880 779 2976 lege
803 2881 934 2955 sancita
963 2907 984 2953 a
1008 2879 1194 2955 Theodosii
1209 2881 1351 2956 senioris

243 2992 324 3065 tiliis
338 2992 482 3067 Arcadio
500 3009 533 3066 et
551 2993 699 3068 Honorio
720 3023 776 3068 an.
796 2998 895 3083 396,
913 2995 947 3067 in
965 3022 1033 3093 qua
1049 3012 1211 3081 vetantur
1222 2998 1351 3096 'nuptiae

242 3109 277 3180 in
303 3109 465 3206 gradibus
490 3111 672 3209 prohibitis
698 3111 762 3183 sub
789 3111 908 3211 poenis
928 3100 1084 3185 civilibus
1106 3115 1203 3208 (ΙΙΙ).
1222 3114 1302 3187 ltem
1317 3112 1350 3185 de

241 3224 356 3298 altera·
373 3225 448 3322 lege
466 3224 509 3298 ab
527 3225 649 3300 iisdem
674 3226 931 3326 imperatoribus
956 3227 1033 3300 data
1055 3252 1115 3299 an.
1139 3228 1227 3301 409.
1243 3228 1278 3302 in
1295 3251 1350 3328 qua

241 3339 367 3438 pariter
393 3340 476 3412 nihil
503 3342 546 3414 de
570 3339 706 3415 vinculo
732 3341 907 3427 statuitur,
937 3339 996 3415 sed
1022 3341 1123 3414 unies
1148 3368 1281 3442 poenae
1302 3342 1349 3415 de

312 3613 362 3674 (95)
378 3615 416 3662 De
431 3616 504 3677 recto
519 3616 546 3663 tn
563 3617 643 3664 ruotr.
652 3616 747 3679 potest.
762 3616 808 3664 ert.
822 3617 867 3666 ΙΙΙ.
878 3629 932 3679 esp.
940 3617 962 3665 1.

317 3693 367 3754 (96)
382 3695 420 3742 lta
438 3707 459 3744 s.
472 3694 614 3744 Ambrostus
634 3695 705 3758 epist.
720 3696 830 3745 ΙΙΙΝΙΙΙ.
842 3696 874 3744 ad
887 3697 1032 3757 Paternum,
1044 3695 1085 3745 cut
1103 3695 1197 3760 reliqui
1215 3696 1348 3754 consomt,

241 3770 326 3822 Victor
337 3773 362 3820 in
371 3775 554 3837 Epitombtst.
565 3775 612 3824 sub
623 3776 711 3837 tinem,
722 3789 743 3825 s.
751 3776 901 3839 Augurum
911 3775 957 3826 ΙΙΙ).
965 3779 1030 3825 xlv.
1042 3779 1079 3826 De
1090 3779 1167 3827 etott.
1176 3780 1226 3829 Det
1236 3792 1289 3842 erp.
1297 3776 1348 3827 ΙΙΙΙΙ.

240 3852 306 3900 Haec
322 3854 387 3902 enim
408 3854 446 3904 lex
467 3853 592 3918 deprendite
611 3858 657 3905 est.

314 3933 363 3993 (97)
382 3933 443 3983 cod.
458 3934 619 3984 theodosion.
632 3933 675 3984 lib.
688 3936 732 3985 ΙΙΙ.
743 3937 781 3986 tit.
796 3943 832 3986 12.
846 3939 884 3986 De
899 3938 1005 3986 incertis
1016 3939 1119 4000 nuptiis
1130 3938 1155 3987 in
1170 3939 1347 4002 unammiter:

241 4031 253 4052 α
264 4010 312 4059 Sed
325 4025 404 4074 neorre
418 4026 534 4075 uxorem,
551 4027 629 4077 neque
647 4016 711 4090 titios
723 4029 753 4065 eu
768 4029 797 4066 es
810 4017 890 4066 editos
902 4017 992 4067 babere
1001 4017 1130 4081 credatur,
1146 4024 1177 4070 ut
1191 4021 1254 4070 nibli
1265 4025 1349 4083 prorant

240 4091 412 4153 praedictione
425 4107 467 4157 per
477 4095 645 4158 interpositam
657 4108 787 4159 personam
797 4098 836 4146 ret
847 4097 923 4147 donet
933 4101 1070 4161 superstes,
1082 4100 1122 4149 vet
1134 4103 1250 4151 mortrras
1259 4097 1346 4150 derelin-

240 4173 308 4232 quat.
328 4174 392 4234 Dos,
411 4175 431 4223 st
452 4188 501 4236 qua
522 4175 584 4226 sorte
600 4177 741 4227 solemniter
757 4180 800 4228 aot
821 4177 892 4240 data,
912 4181 955 4229 aut
970 4176 1049 4244 dieta,
1068 4183 1113 4231 aut
1135 4184 1258 4246 promissa
1275 4178 1344 4234 tuerit.

241 4250 311 4300 torta
330 4252 369 4302 ius
385 4255 515 4318 anfiquum
536 4256 587 4307 tissi
609 4257 686 4308 nostri
709 4257 844 4309 commodis
863 4258 935 4311 cedat
953 4260 1016 4311 ete.»
