2804 5062
215 385 1158 452 aunonensem.romsrmrsr.rururmsrnmrnmru.
1181 368 1250 442 ios

147 508 324 607 pontifice,
347 507 511 607 adquam
537 523 575 580 ut
601 507 644 580 ad
674 533 870 606 supremum
896 507 1061 581 ecclesiae
1084 524 1186 607 caput
1204 509 1255 581 ui-

146 623 265 711 sibile,
283 649 518 724 quaecumque
542 641 622 697 sunt
646 624 729 697 iuris
752 623 971 697 aeclesiastici
990 640 1163 722 spectant:
1184 625 1257 724 epi-

141 741 240 840 scopi
262 757 396 825 tamen,
419 739 492 812 sive
508 766 548 812 ex
566 738 777 837 delegatione
794 764 954 839 expressa
970 738 1022 813 vel
1045 739 1163 826 tacita,
1184 739 1256 813 sits

142 881 187 927 cr
221 883 287 929 usu
318 854 504 955 approbato
534 848 734 954 dispensant
765 854 800 925 in
835 853 1006 953 aliquibus
1036 853 1257 953 impedimen-

148 971 190 1043 tis
203 973 329 1064 (50);»
352 994 494 1068 nempe:
512 969 542 1042 si
560 969 732 1066 contingat
748 993 807 1042 eos
827 968 1046 1067 dispensare,
1067 968 1102 1040 id
1124 993 1164 1040 ex
1181 995 1257 1041 con-

144 1083 301 1157 cessione
319 1083 411 1158 sedis
437 1082 695 1182 apostostolicae
721 1084 858 1156 saciuut.

216 1201 360 1273 Bemm
394 1199 532 1273 omissis
562 1199 761 1286 ‘Gonnetto,
798 1199 1019 1273 Herminierio
1038 1257 1046 1286 ,
1081 1198 1258 1299 Opstracto

149 1317 240 1414 ipso,
254 1315 402 1414 aliisque
415 1342 481 1389 non
496 1315 631 1415 paucis,
647 1315 857 1389 Drouvcnius
871 1315 1056 1414 gallicanae
1070 1315 1258 1414 theologiae

146 1431 323 1530 systemati
338 1431 485 1503 maxima
502 1430 679 1519 addictus,
701 1430 867 1504 interdum
886 1431 987 1504 etiam
999 1431 1138 1504 ulterius
1156 1457 1257 1531 quam

149 1572 209 1644 par
224 1562 297 1618 erat
314 1544 480 1619 adversus
496 1572 581 1618 rom.
604 1546 797 1646 pontificem
817 1572 1033 1646 progressus,
1056 1564 1165 1621 tamen
1182 1572 1258 1620 cum

148 1661 300 1759 quaerit:
325 1657 416 1732 «Cui
434 1676 601 1760 competat
618 1660 797 1734 auctoritas
816 1687 918 1760 super
931 1660 1179 1761 impedimentis
1191 1686 1260 1734 ma·

152 1774 297 1847 trimenii
322 1771 604 1873 dispensandiln
629 1774 839 1873 Respondet:
871 1775 933 1846 «Si
951 1774 996 1846 de
1012 1773 1259 1873 impedimentis

153 1889 387 1963 dirimentibus
399 1905 535 1985 agatur,
552 1891 749 1987 repuleriter
759 1890 947 1989 loquendo,
963 1905 1159 1990 potestatem
1173 1889 1261 1962 bane

155 2004 211 2077 soli
236 2030 372 2078 summo
391 2002 539 2104 pontifici
560 2004 750 2079 convenire.
772 2003 983 2103 Quamquam
1001 2004 1090 2078 enim
1109 2003 1173 2078 boc
1190 2004 1262 2077 nul-

156 2117 210 2192 libi
234 2119 368 2216 legetur
389 2119 539 2218 antiquis
563 2119 751 2194 canonibus
779 2120 1015 2206 constitutum3
1041 2145 1126 2192 usus
1151 2135 1261 2194 nmen

158 2233 309 2320 invaluit,
325 2250 359 2307 et
370 2233 717 2335 generalidisciplina
734 2252 922 2333 receptum,
938 2250 976 2307 ut
988 2261 1048 2334 pro
1065 2234 1261 2308 huiusmodi

159 2349 267 2446 gratiis
285 2348 481 2422 obtinendis
497 2349 603 2434 solus,
615 2349 764 2449 pontifex
786 2351 952 2424 maximus
976 2349 1062 2423 adiri
1081 2349 1262 2422 eommuni-

161 2482 203 2539 ter
223 2464 364 2539 deberet
387 2481 421 2538 et
436 2459 578 2564 ,posset3
607 2482 641 2539 et
663 2467 781 2540 meato
798 2467 950 2566 quidem,
971 2483 1041 2538 tum
1058 2481 1193 2564 propter
1208 2464 1263 2538 de·

161 2579 254 2655 bitum
273 2581 350 2655 sedi
374 2581 577 2682 apostelicae
595 2581 832 2668 reverentiam,
860 2583 914 2654 oui
933 2581 1144 2681 potissimum
1166 2605 1264 2655 esno-

161 2723 230 2771 num
246 2696 441 2771 observatio
457 2713 492 2770 et
507 2697 717 2798 dispensatio
734 2697 896 2771 divinitus
911 2713 963 2770 est
978 2697 1175 2784 commisss;
1192 2712 1262 2770 tum

161 2813 232 2910 qnia
252 2837 332 2886 cum
351 2811 590 2909 impedimenta
607 2811 853 2885 matrimonium
873 2812 1065 2885 dirimentis
1080 2812 1132 2886 vel
1151 2838 1171 2885 a
1187 2838 1264 2886 con·

162 2926 241 3002 ciliis
266 2926 505 3026 generalibus,
531 2927 586 3001 ,vel
612 2954 633 2999 a
657 2928 798 3002 summis
824 2927 1039 3027 pontificibus
1068 2927 1191 3000 luerint
1215 2926 1265 3000 in·

162 3040 270 3114 stitnta
290 3041 325 3112 in
343 3066 487 3140 quorum
504 3039 636 3114 decreta
650 3057 846 3142 potestatem
860 3068 927 3115 non
947 3041 1072 3114 babent
1091 3040 1261 3140 episcopi,

162 3181 367 3256 consequens
393 3155 474 3243 luit,
494 3171 531 3228 ut
556 3155 801 3230 solis‘summis
819 3154 1035 3255 pontificibus
1059 3155 1196 3228 deberet
1212 3179 1265 3228 eo-

163 3297 227 3343 rum
249 3269 413 3345 relaxatio
439 3270 636 3369 regulariter
662 3270 825 3346 reservari
848 3273 970 3366 (bl).»

225 3385 292 3458 llis
316 3384 486 3458 coronidis
511 3385 618 3483 gratia
644 3385 790 3460 adiicere
814 3384 906 3457 lubet
931 3399 1039 3457 aetate
1060 3384 1124 3458 bac
1151 3396 1264 3458 nostra

164 3497 321 3572 celebrem
336 3515 523 3586 auctorem,
540 3525 579 3572 ac
592 3499 693 3598 paulo
706 3515 784 3573 ante
797 3526 863 3573 non
875 3498 978 3571 nimis
993 3498 1266 3598 proclivemerga

164 3612 228 3687 iura
253 3640 423 3688 romanor.
456 3615 673 3713 pontificum,
701 3641 823 3716 nempe
847 3616 882 3687 d.
915 3615 982 3689 les.
1011 3614 1179 3703 Garriere,
1207 3616 1266 3718 qui

166 3746 336 3830 postquam
354 3728 544 3823 constituit,
564 3730 694 3830 absque
711 3731 780 3805 ullo
796 3730 899 3805 dubio
919 3758 1001 3805 rom.
1025 3732 1174 3830 pontifici
1191 3756 1267 3806 oon·

166 3845 271 3918 tenire
289 3860 488 3943 potestatem
506 3845 677 3918 relaxandi
701 3846 940 3945 impedimenta
961 3846 1171 3932 dirimentis,
1194 3871 1267 3944 pre·

168 3960 359 4053 positionem
378 3983 438 4032 seu
456 3958 704 4033 conclusionem
722 3960 811 4034 circa
829 3961 1062 4062 episcoporum
1079 3958 1143 4032 bac
1166 3984 1267 4060 super

171 4097 199 4144 re
211 4089 424 4172 potestatem,
446 4073 501 4148 bis
518 4073 631 4149 verbis
648 4099 842 4174 expressam
860 4076 972 4175 ponit:
997 4075 1181 4175 ‹Episcopi
1199 4091 1266 4150 non

229 4262 277 4322 (sc)
293 4264 332 4312 Dc
350 4264 431 4312 mtr-
446 4261 506 4313 dias.
518 4265 619 4313 vbnrt.
638 4271 661 4314 a.
1111 4308 1114 4313 ⁴

230 4342 331 4399 (51ch
349 4353 379 4390 rc
399 4341 871 4407 menanttib.1x.cap.rv.q.o.
973 4366 976 4371 ·
1044 4368 1047 4373 ·
