2804 5062
118 362 245 450 osii.
256 398 296 448 us
311 395 551 449 ursum.
563 395 629 445 rur.
641 397 678 447 su
694 397 755 447 vau
767 397 831 448 cun
842 372 935 448 curu.
947 400 1017 450 aar.
1032 400 1066 451 u.
1116 376 1185 452 227

73 515 163 589 harh
182 514 350 589 rhamnis
370 527 580 612 augustanae
604 513 791 589 catholicus
817 516 953 614 nuptias
977 533 1187 594 contraxerat

72 657 141 704 oum
166 628 311 704 muliero
334 627 513 703 lutherana
531 628 628 702 Anna
653 628 758 702 Maria
775 628 919 727 Megelin
944 656 1057 706 coram
1083 633 1185 705 mini-

71 762 135 822 stro
163 744 358 820 lutherano.
387 745 475 818 llinc
504 770 575 819 sac.
605 744 854 842 congregationi
886 746 1095 845 propositum
1121 747 1186 823 suit

71 862 230 935 dubium:
254 860 337 933 «An
357 874 489 935 constet
505 859 543 932 dc
565 860 717 933 nullitate
734 862 936 933 matrimonii
951 863 988 934 in
1003 888 1082 934 cusu
1097 877 1182 936 eta.»

70 979 138 1051 Suc.
152 975 372 1075 congregatio
389 975 587 1076 priusquam
605 974 746 1048 dubium
765 974 908 1050 solveret
924 976 1067 1055 sollicite
1084 1005 1185 1078 quae-

71 1093 168 1168 siuit:
198 1092 292 1167 Num
322 1092 456 1165 concilii
483 1090 655 1164 tridentini
682 1090 809 1164 decreto
833 1093 958 1189 suerint
984 1094 1021 1164 in
1045 1094 1186 1167 ulmensi

70 1211 199 1281 deitate
215 1208 450 1306 promulgatu;
471 1207 656 1306 itidemque
673 1232 754 1278 num
773 1207 879 1280 lorma
904 1208 1043 1281 ineundi
1070 1209 1184 1282 matri-

69 1323 168 1398 nonii
193 1350 217 1396 a
241 1322 378 1397 laudato
406 1321 549 1398 concilio
580 1322 787 1422 praescripta
816 1325 1028 1398 consueverit
1059 1324 1184 1399 ibidem

68 1437 247 1539 dignando
271 1440 401 1512 seruari
413 1438 432 1510 9
451 1437 544 1512 «cui
562 1437 775 1538 inquisitioni
802 1438 976 1538 respondit
1000 1440 1182 1540 episcopus

69 1554 329 1630 mantuanensis
354 1554 409 1629 his
434 1553 567 1629 uerbis:
599 1554 759 1627 «hiare
784 1556 961 1627 etiamnum
987 1554 1104 1628 Ulmae
1128 1581 1184 1630 ec·

67 1669 202 1745 alesiam
234 1669 436 1745 catholicam
460 1696 482 1744 a
506 1669 679 1743 canonicis
711 1668 921 1767 regularibus
950 1695 980 1743 s.
1001 1670 1181 1768 Augustini
1260 1699 1262 1713 ¹

67 1785 309 1874 inofficiatam,
335 1784 529 1886 adquam,
564 1785 643 1859 aliis
671 1784 777 1859 dictae
805 1785 950 1858 ciuitatis
974 1787 1115 1858 eoelmiis
1140 1786 1182 1858 oh

68 1901 270 1974 bnaudoms
292 1903 478 2001 occupatas,
502 1927 584 1975 cura
603 1901 792 1974 animarum
818 1916 851 1974 et
875 1900 950 1972 iura
974 1899 1183 1999 parochialia

66 2015 227 2092 hanalata
245 2031 342 2105 sunt,
364 2031 397 2090 et
412 2019 449 2089 in
467 2017 526 2091 bac
544 2016 712 2091 decretum
730 2042 760 2090 s.
778 2015 912 2090 concilii
931 2015 1102 2089 tridentini
1120 2015 1184 2090 luit

63 2134 327 2233 promulgatum,
353 2149 387 2207 et
409 2134 593 2208 etiamnum
619 2133 833 2208 conformiter
858 2133 992 2207 statutis
1009 2132 1183 2233 synodali·

67 2245 125 2323 bns
141 2247 252 2322 huius
269 2247 437 2323 dioecesis
462 2249 724 2323 constantiensis
749 2247 895 2346 singulis
914 2248 1013 2322 annis
1031 2247 1180 2349 promul-

66 2379 171 2459 gatur.
189 2362 218 2435 A
234 2361 412 2436 catholicis
429 2388 572 2462 quorum
589 2363 716 2461 aliquot
736 2364 886 2462 familiae
903 2389 1012 2463 usque
1031 2364 1066 2435 in
1084 2388 1181 2463 prae-

66 2495 193 2553 sentem
219 2477 309 2552 diem
329 2478 445 2552 Ulmae
470 2478 649 2565 habitant,
677 2478 804 2553 dictum
830 2478 1000 2554 decretum
1025 2506 1055 2553 s.
1082 2505 1176 2553 conc.

66 2594 237 2668 tridentini
264 2593 505 2668 inviolabiliter
526 2595 728 2668 observatur.
750 2594 855 2668 Adest
871 2610 905 2668 et
922 2621 1056 2695 semper
1071 2593 1182 2668 adluit

66 2709 179 2784 Ulmae
204 2711 375 2809 parochus
400 2710 607 2799 catholicus,
628 2712 688 2810 qui
713 2728 923 2785 sacramenta
943 2710 1177 2798 administrat,

64 2841 134 2900 eta
159 2827 286 2926 quovis
319 2827 487 2902 catholico
512 2827 687 2901 commode
713 2827 799 2900 adiri
826 2827 1060 2926 pulsatione
1078 2828 1181 2901 insor-

64 2944 208 3018 matione
233 2958 388 3041 accepta,
416 2943 460 3016 ad
482 2944 691 3043 propositum
710 2942 850 3016 dubium
872 2968 942 3016 sac.
966 2943 1180 3040 congregatio

64 3083 149 3160 resp.
166 3060 392 3158 Affinnatioe3
419 3086 481 3134 seu
502 3076 657 3135 constare
674 3060 717 3132 de
734 3059 887 3133 nullitate
912 3058 1080 3133 eiusmodi
1107 3084 1180 3132 ma·

63 3173 222 3247 aimonii.
250 3172 420 3271 Agebatur
448 3191 561 3248 tamen
587 3174 651 3248 hoc
676 3175 710 3245 in
737 3200 819 3247 casu
849 3174 892 3246 de
923 3171 1116 3270 regionibus
1144 3172 1180 3243 in

65 3287 189 3387 quibus
223 3288 343 3362 eadem
374 3314 485 3362 rerum
520 3289 678 3363 adiuncta
702 3289 861 3385 vigebant
886 3313 925 3361 ac
950 3286 1118 3383 viguerint
1143 3285 1178 3357 in

63 3401 254 3476 llohandia.
271 3404 357 3475 Nam
376 3402 492 3476 Ulmae
509 3403 718 3502 publicatum
736 3403 844 3476 luerat
861 3401 1030 3474 decretum
1053 3398 1180 3472 triden-

62 3516 190 3606 tinum,
210 3517 260 3591 ihi
285 3520 389 3593 etiam
420 3519 573 3593 haeresis
598 3520 729 3617 impunc
752 3518 986 3617 grassabatur,
1008 3542 1084 3590 cum
1102 3514 1180 3589 hae·

60 3633 176 3721 retici,
205 3632 357 3733 expulsis
383 3633 578 3720 catholicis,
604 3658 788 3732 eorumque
811 3631 965 3705 ecclesiis
983 3630 1175 3730 occupatis,

59 3746 338 3837 dominarentur;
367 3750 424 3822 vix
450 3776 539 3823 anno
564 3765 717 3822 anteacto
743 3748 932 3822 Declaratio
965 3745 1179 3819 benedictina

57 3861 137 3937 data
154 3863 287 3953 ficerat,
316 3863 539 3938 nihilominus
565 3865 722 3961 coniugia
748 3862 874 3935 ibidem
901 3861 1030 3960 absque
1056 3858 1177 3932 triden-

59 3977 130 4052 tina
143 3978 254 4052 lorma
265 3978 446 4069 celebrata,
462 3979 555 4054 nulla
568 3979 700 4054 delectu
713 3977 995 4053 clandestinitatis
1007 3975 1179 4051 declarata

59 4112 149 4171 sunt.
180 4095 318 4169 Nullum
349 4096 453 4195 igitur
477 4095 617 4170 dubium
643 4121 822 4195 superesse
847 4108 958 4192 potest
981 4091 1176 4192 dispositio-

59 4238 134 4286 nem
146 4212 320 4287 Benedicti
333 4213 506 4287 XlV.esse
519 4211 660 4287 localem
673 4211 819 4286 excedis
833 4208 1038 4310 apostolicae
1049 4223 1173 4293 mente,

59 4354 169 4429 neque
185 4328 231 4403 ad
248 4354 351 4406 casm
375 4328 505 4405 similes
528 4328 663 4404 exoendi
691 4353 793 4428 posse
816 4327 891 4401 sine
915 4351 1001 4402 noro
1018 4341 1052 4398 et
1068 4321 1175 4421 expli-
