2804 5062
244 356 314 436 tat
494 378 751 434 immemor.
768 381 809 433 ιιι
826 376 951 435 rorem.
968 349 1104 436 uocum?
1293 460 1297 468 Ι

243 502 355 579 roscia
368 495 554 602 inquibus
567 494 657 573 inter
671 497 856 574 catholicoe
872 514 907 573 et
922 493 1111 576 haereticos
1132 500 1258 576 ιοᾱιιιι
1279 476 1358 576 tem-

243 615 302 716 plo
318 610 479 705 amatos,
504 609 606 689 datur
626 609 875 699 timotheus,
904 631 943 689 ut
967 632 1110 705 vocent,
1130 632 1258 717 estque
1274 641 1295 691 a
1310 643 1360 692 ca-

242 731 378 807 tholicis
403 721 650 832 promulgatum
674 724 844 805 decretum
869 730 1112 819 tridentinum,
1139 732 1295 807 validum
1318 733 1360 807 eit

106 873 110 882 ’
166 917 169 924 ,
245 846 489 923 haereticorum
505 844 699 944 coniugium
716 870 829 920 coram
847 847 985 948 proprio
1004 848 1163 923 ministro
1183 849 1223 921 in
1246 849 1358 923 eodem

244 963 371 1063 templo
399 957 634 1037 celebratum?
657 963 731 1035 Non
761 960 885 1037 desunt
908 963 1081 1060 theologi,
1115 964 1175 1064 qni
1201 980 1359 1038 censeant

244 1079 414 1156 eiusmodi
429 1070 681 1191 ¹haeretieorum
711 1072 907 1178 coniugium
931 1079 1083 1154 ualidum
1107 1105 1187 1156 esse
1216 1084 1252 1153 1.
1274 1081 1356 1183 quod

244 1193 505 1270 ed'mutrimonii
517 1192 664 1268 valorem
677 1193 770 1266 iuxta
786 1193 919 1267 concilii
932 1193 1105 1268 tridentini
1120 1194 1268 1269 formem
1281 1196 1356 1271 eatis

246 1310 293 1386 eit
316 1298 507 1410 praesentia
531 1300 671 1407 parochi
696 1307 797 1381 etiam
823 1308 985 1407 putatia,
1014 1309 1087 1384 siue
1112 1310 1174 1410 qui
1201 1326 1241 1383 nt
1265 1335 1354 1385 verus

245 1425 414 1528 parochus
438 1423 601 1510 hahetur,
627 1423 784 1524 quamuis
809 1422 922 1524 reipsa
948 1449 1015 1498 non
1039 1422 1105 1513 eit3
1127 1427 1164 1498 2.
1179 1425 1276 1526 quod
1300 1425 1355 1501 hoc

246 1543 285 1616 in
301 1529 384 1618 chau
400 1540 488 1614 duae
506 1539 549 1614 ed
567 1538 724 1613 effectum
739 1528 919 1613 uideantur
936 1563 1014 1614 esse
1030 1540 1235 1640 paroeciae,
1263 1539 1354 1616 etan

247 1657 488 1734 catholicorum
514 1654 579 1729 enh
603 1654 740 1756 proprio
764 1655 915 1754 parocho
942 1655 1108 1731 catholieo
1140 1656 1351 1756 degentiun,

247 1774 494 1850 haereticorum
519 1772 624 1846 altera
641 1771 677 1844 in
694 1758 762 1872 qua
781 1796 849 1846 non
873 1771 938 1846 fuit
962 1771 1173 1872 publicatum
1191 1800 1301 1876 neque
1314 1800 1353 1848 re

247 1907 381 1990 ceptum
398 1888 568 1963 decretum
577 1911 670 1961 cono.
679 1886 865 1974 tridentini,
875 1887 936 1987 qui
945 1887 1087 1986 proinde
1103 1888 1224 1963 valide
1239 1904 1353 1964 contra

248 2003 334 2079 hunt
353 1990 593 2103 praetermissa
611 2000 718 2074 forme
730 1999 774 2074 ah
786 1998 845 2074 illo
860 2001 1001 2077 coneilio
1015 2002 1232 2103 praescripta
1249 2003 1349 2100 (lit).

321 2119 393 2193 Iam
415 2142 495 2193 veru
520 2142 559 2190 ex
586 2116 794 2216 praestitutis
818 2141 841 2189 e
863 2114 968 2190 nobis
987 2118 1167 2218 principiis
1197 2117 1350 2194 eiusmodi

249 2223 416 2310 sententia
440 2230 571 2306 admitti
596 2229 788 2305 nullatenus
818 2247 937 2331 potest.
965 2233 1049 2306 Nam
1074 2232 1105 2306 si
1131 2233 1295 2309 haeretiei
1317 2233 1351 2305 de

252 2351 325 2424 inre
341 2347 580 2423 ecelesiasticis
597 2343 728 2443 legibus
750 2345 990 2437 subiiciuntur,
1011 2347 1132 2448 eisque
1149 2350 1289 2424 omnino
1302 2346 1351 2423 oh

249 2464 356 2539 stricti
378 2477 477 2549 sunt,
502 2477 540 2535 ut
558 2486 621 2535 suo
640 2459 713 2534 loco
737 2460 968 2550 ostendimus,
998 2460 1149 2561 proiecto
1172 2463 1351 2561 obligantur

249 2581 350 2654 etiam
375 2578 488 2680 quoad
513 2578 621 2675 legem
647 2577 830 2652 irritantem
853 2579 1103 2652 matrimonium
1122 2579 1201 2652 sine
1220 2575 1349 2678 parocho

249 2710 478 2781 contractum,
499 2693 530 2765 si
548 2692 714 2767 eiusmodi
737 2692 790 2767 lex
813 2692 875 2766 suit
892 2695 927 2766 in
946 2693 1106 2793 parochia
1124 2692 1185 2766 uhi
1204 2690 1345 2767 haeretici

250 2809 378 2906 degunt
402 2800 729 2908 promulgatamque
750 2824 894 2908 recepta,
916 2808 1007 2882 Talis
1025 2833 1108 2882 eene
1126 2824 1180 2882 est
1196 2834 1288 2882 mens
1302 2829 1344 2879 ec

250 2924 375 2998 etesiae
399 2948 577 3009 romanae,
601 2940 638 2997 ut
658 2939 748 3023 patet
771 2949 812 2996 ιιι
836 2925 941 2998 variis
967 2925 1248 3024 responsionibus
1271 2922 1342 2996 datis

251 3056 321 3114 tum
342 3065 363 3113 a
381 3065 451 3114 sac.
473 3039 612 3125 concilii
629 3040 902 3138 congregatione,
927 3057 996 3112 tum
1014 3067 1035 3112 e
1052 3066 1123 3114 sac.
1141 3038 1340 3140 poenitentia-

256 3155 417 3255 ria‘quee
442 3181 504 3228 suo
531 3154 603 3228 loco
629 3152 813 3228 attulimus.

325 3270 421 3356 Quae
443 3296 519 3343 cum
543 3270 590 3342 ita
614 3295 652 3342 so
675 3269 838 3356 habeant,
867 3270 995 3343 nullum
1022 3295 1204 3371 superesse
1224 3269 1339 3342 dubim

252 3402 364 3485 potest
379 3386 422 3461 de
440 3385 674 3484 illegitimitete
699 3385 832 3458 illorum
858 3386 1121 3474 connubiorum,
1143 3411 1232 3487 quae
1252 3388 1340 3456 ineunt

323 3617 389 3679 (tat)
404 3618 441 3667 tta
453 3616 516 3667 inter
525 3618 619 3668 eeteros
627 3618 753 3667 rannerus
764 3616 882 3680 Theoiop.
892 3616 1015 3668 scholast.
1026 3617 1163 3680 ingolstad.
1176 3622 1242 3668 tuti.
1250 3609 1336 3666 tomli'·

254 3696 394 3760 dispi'lii.
406 3700 500 3760 quaest.
518 3698 560 3745 ΙΙΙ.
577 3696 636 3745 dub.
653 3699 695 3745 Vi.
716 3709 740 3745 ιι.
765 3705 815 3746 122.
835 3699 860 3746 et
880 3699 1006 3759 heumann
1023 3696 1142 3760 Thectop.
1162 3695 1254 3746 morat.
1269 3692 1303 3743 iii.
1316 3688 1336 3735 V·

251 3779 323 3827 tract.
336 3781 366 3827 x.
376 3791 429 3840 par.
440 3779 472 3827 il.
484 3791 505 3826 c.
518 3781 541 3826 t.
552 3791 577 3826 n.
591 3781 613 3826 7.
625 3778 733 3826 ettamen
749 3776 843 3839 primus
862 3777 1010 3826 haesitanter
1025 3777 1072 3826 hoc
1087 3776 1210 3839 adstruit;
1229 3775 1285 3825 attor
1296 3779 1337 3818 itti

252 3868 303 3906 non
322 3857 419 3907 duania
435 3856 535 3920 quidem
551 3857 646 3918 uerbis,
658 3856 700 3906 sed
712 3857 791 3906 sotum
802 3856 992 3920 aequivalenter.
1003 3855 1069 3905 idern
1081 3855 1121 3906 dic
1132 3857 1164 3906 de
1178 3855 1269 3906 Pichter
1280 3853 1299 3901 in
1309 3860 1336 3909 op,

254 3936 421 3987 candidatos
434 3935 658 4000 irtrtrprudentioe
667 3949 759 3986 sociae
770 3937 906 3987 lih.iv.tit.
917 3939 959 3986 iii.
967 3950 991 3985 n.
1007 3943 1043 3986 15.
1052 3939 1082 3986 Et
1093 3937 1208 3987 Smieuus
1218 3937 1242 3986 in
1255 3928 1335 3984 mutti-

253 4015 513 4080 theotoptcopolittcu
522 4029 575 4081 cap.
582 4019 626 4067 Vi.
633 4019 707 4080 part.
715 4019 852 4080 posterior.
862 4016 904 4066 uhi
915 4017 967 4066 mae
978 4018 1028 4077 agit
1039 4017 1085 4065 hac
1093 4015 1126 4066 de
1136 4031 1177 4079 re,
1187 4020 1216 4066 ut
1225 4016 1281 4065 alios
1287 4007 1338 4060 omit·

252 4096 319 4156 mm,
338 4109 402 4158 qnos
419 4096 466 4160 ipsi
483 4101 594 4147 auctores
610 4098 742 4147 recensent.
757 4097 870 4159 Plerique
882 4096 1012 4159 scriptores
1024 4096 1156 4158 germanici
1168 4096 1296 4161 proruere
1308 4098 1337 4151 ΡΨ

254 4177 332 4236 grant
342 4176 510 4239 coniugiorum
522 4192 585 4240 quae
595 4178 625 4227 ah
637 4176 766 4227 haereticis
778 4178 907 4240 ineuntur,
917 4177 990 4226 etiam
1001 4176 1042 4225 uhi
1056 4177 1205 4240 publicatam
1214 4190 1242 4227 ac
1251 4175 1337 4225 obseru-

253 4259 304 4305 tam
323 4258 360 4307 eat
378 4257 502 4307 decretum
522 4257 703 4319 tridentinum
721 4257 759 4306 eat
775 4257 876 4307 istorum
901 4259 1045 4320 argumenta
1059 4259 1134 4309 meria
1150 4259 1279 4309 innituntur
1297 4258 1338 4298 ww

206 4332 213 4346 “
254 4336 367 4398 tectoria,
383 4337 553 4400 conniventia,
571 4340 644 4399 atque
661 4340 687 4387 ot
703 4340 785 4399 aiunt,
804 4351 820 4387 o
835 4339 928 4401 priori.
