2804 5062
108 369 179 419 mr.
195 368 231 419 rr.
249 366 289 417 nr
303 362 410 418 roras.
423 364 526 421 rure.
541 365 603 417 rin.
616 364 679 417 orn.
692 365 788 418 narn.
802 367 923 418 oanrsr.
938 368 1008 418 aar.
1021 368 1044 418 1.
1093 346 1160 419 aot

55 488 161 563 serbis
187 475 307 586 repetit
331 506 493 561 canonem
518 484 652 559 concilii
678 485 872 583 agathensis
898 487 1012 583 (19).»
1030 485 1163 561 Fatetur

54 603 191 704 quidem
216 600 418 690 concilium,
444 600 473 674 si
496 599 618 701 placet,
645 600 721 675 illos
746 600 872 699 gradus
898 601 1101 702 prohibitos,
1122 627 1163 675 ex

51 745 142 793 mora
167 712 291 818 nempe
315 717 502 806 maiorum,
531 743 593 791 seu
619 733 777 816 patrum,
813 718 871 818 qui
898 717 1026 791 iamdiu
1049 717 1165 818 probi·

49 833 217 922 buerant,
248 824 317 907 non
341 849 453 907 autem
480 859 521 907 ex
546 832 619 907 sola
644 834 834 933 principum
861 832 959 932 iege,
988 849 1058 936 tum
1083 833 1165 934 quia

49 950 106 1024 ubi
133 949 313 1024 concilium
338 937 542 1023 celebratum
559 966 629 1036 est,
649 975 716 1022 non
734 948 881 1049 amplius
906 948 1040 1046 vigebat
1063 949 1166 1048 impe·

50 1081 203 1140 natorum
224 1064 300 1152 lex,
325 1064 385 1138 sed
409 1064 463 1137 lex
482 1062 661 1169 Gothorum
678 1067 768 1161 (20),
786 1080 885 1164 prout
906 1065 1008 1138 etiam
1032 1063 1090 1138 ubi
1115 1090 1165 1139 ee·

50 1179 218 1255 lebratum
243 1195 296 1255 est
320 1179 413 1253 aliud
443 1179 652 1267 concilium,
685 1179 814 1254 scilicet
843 1206 1035 1279 epaonense
1063 1182 1162 1278 (21);

50 1312 122 1370 tum
142 1296 309 1395 quianon
327 1293 435 1370 solum
456 1294 541 1369 haec
563 1295 705 1370 concilia
722 1311 928 1385 statuerunt,
948 1313 985 1370 ut
1001 1297 1036 1368 in
1054 1311 1167 1395 poste-

50 1437 125 1484 rum
152 1411 247 1485 irrita
270 1412 380 1486 forent
408 1410 574 1485 eiusmodi
608 1411 798 1500 connubia,
827 1412 887 1486 sed
915 1428 1084 1512 praeterea
1107 1412 1167 1513 de·

51 1525 225 1601 clararuut
240 1526 378 1616 valida‚’
398 1552 486 1627 quae
511 1525 673 1600 bactenus
699 1527 780 1600 inita
806 1526 930 1601 inerint
954 1527 1167 1602 matrimonia

53 1641 87 1714 in
105 1640 179 1716 illis
197 1641 374 1716 affinitatis
398 1640 560 1739 gradibus
584 1644 672 1738 (22).
690 1641 764 1727 Quo
781 1641 997 1716 ostenderunt
1014 1667 1052 1716 se
1068 1668 1167 1739 agere

54 1784 93 1832 ex
117 1758 257 1860 propria
281 1758 496 1846 auctoritate,
522 1757 671 1857 alioquin
690 1784 756 1831 non
774 1757 973 1859 probassent
989 1758 1037 1831 uti
1054 1757 1167 1859 valida

54 1873 113 1948 illa
138 1875 317 1973 coniugia,
344 1900 432 1974 quae
455 1875 547 1948 iuxta
568 1874 798 1973 spalatensem
823 1888 856 1947 et
871 1874 1056 1977 ¹Launoium
1073 1873 1168 1947 irrita

53 1989 201 2063 inissent
221 2015 280 2090 per
301 1988 393 2087 leges
418 1989 675 2088 imperatorum
697 2004 767 2061 tum
783 1989 931 2091 denique
951 1990 1032 2091 quia
1055 1988 1167 2092 decla-

56 2119 172 2177 rarum
193 2120 306 2204 patres
324 2128 361 2178 se
378 2093 445 2177 non
467 2128 507 2176 ex
526 2103 717 2204 principum
742 2102 847 2177 seculi
872 2105 1085 2193 auctoritate,
1106 2104 1168 2179 sad

56 2220 195 2320 propria
219 2220 414 2293 auctoritate
438 2235 472 2295 et
496 2220 631 2294 nomine
655 2245 803 2294 canones
827 2220 986 2295 edidisse.
1004 2221 1167 2320 Sicenim

56 2334 261 2435 subscripsit
284 2334 464 2409 Caesarius
495 2335 674 2435 episcopus
706 2335 905 2409 arelatensis
933 2335 1065 2410 concilii
1091 2363 1169 2434 aga·

58 2449 189 2525 mansis
217 2476 375 2549 praeses:
403 2450 500 2548 uligo
525 2449 704 2522 Caesarius
729 2450 762 2523 in
788 2450 913 2523 Christi
939 2451 1074 2525 nomine
1097 2451 1169 2551 epi·

58 2591 184 2665 scopus
215 2563 438 2653 arelatensis,
466 2564 559 2639 iuxta
584 2566 619 2638 id
645 2563 736 2665 quod
763 2565 929 2639 universis
959 2566 1169 2666 coepiscopis

57 2681 161 2769 meis,
183 2678 244 2781 qui
261 2706 392 2754 mecum
410 2679 702 2780 subscripserunt,
724 2680 872 2780 placuit,
891 2695 1015 2754 statuto
1033 2695 1170 2779 potrum

60 2801 154 2892 (non
173 2796 279 2895 igitur
302 2798 540 2896 imperatorum
566 2812 624 2870 aut
648 2823 764 2896 regum
778 2801 807 2894 )‚
836 2813 989 2884 secutus,
1013 2795 1069 2871 his
1089 2797 1170 2870 defi·

58 2912 245 2986 nitionibus
264 2912 454 3011 subscripsi
471 2915 584 3009 (23).»
601 2912 657 2986 Sic
672 2939 751 2986 vero
768 2912 972 2987 Viventiolus
990 2913 1170 3012 episcopus

58 3026 281 3126 lugdunensis
299 3043 332 3101 et
347 3026 483 3101 concilii
512 3028 714 3127 epaunensis
745 3053 881 3127 praeses
911 3027 995 3101 baec
1025 3027 1166 3100 adiecit:

61 3141 265 3216 «Praesenti
283 3141 522 3242 protestatione
539 3141 699 3215 denuntio
717 3158 917 3215 conventum
934 3141 1169 3240 episcoporum

59 3258 212 3332 omnium
230 3258 332 3331 sortis
349 3273 502 3345 nostras,
525 3258 612 3330 circa
630 3256 835 3355 Septembris
861 3255 988 3329 mensis
1013 3256 1165 3343 initium,

60 3375 95 3446 in
120 3373 307 3474 epaonensi
332 3373 487 3475 paroecia
510 3398 588 3448 mox
612 3373 777 3460 iuturum;
805 3371 863 3444 ubi
887 3371 1043 3461 clericos,
1072 3389 1172 3472 prout

132 3616 185 3679 (19)
202 3615 265 3667 ibid.

129 3696 184 3760 (aa)
199 3695 252 3748 suh
269 3696 366 3748 Aiadco
385 3696 451 3747 enim
472 3697 602 3761 gothorum
618 3709 673 3761 rege
689 3696 849 3748 versabantur
866 3697 947 3761 patres
969 3694 1111 3760 agathenses
1125 3693 1171 3744 suh

58 3775 206 3841 symmacho
217 3789 280 3839 papa
290 3789 331 3827 an.
343 3783 396 3828 506.

132 3856 185 3921 (tt)
201 3855 252 3906 suh
263 3857 464 3921 Burgundionum
475 3857 581 3921 ditione,
595 3872 635 3908 an.
644 3863 698 3909 5¹7.
710 3858 838 3908 emissiam
851 3860 946 3921 regente
957 3855 1089 3907 Hormisda
1099 3868 1170 3919 papa.

133 3936 186 4001 (²2)
202 3937 231 3986 in
242 3935 347 3986 coneilio
358 3936 423 3986 enim
438 3936 564 4001 agathensi
580 3939 636 4001 post
651 3938 752 3988 recitata
767 3951 782 3986 a
796 3940 832 3988 De
845 3936 958 3988 Dominis
970 3936 1044 3987 verba
1058 3936 1170 3987 additur:

63 4015 160 4075 nouod
175 4015 212 4066 ita
227 4015 253 4065 iu
269 4018 390 4080 praesenti
405 4018 515 4082 ternpore
530 4017 700 4082 prohibemus,
712 4020 745 4068 ut
757 4030 789 4068 so
799 4029 868 4083 quac
878 4019 942 4068 sunt
956 4016 1083 4068 hactenus
1098 4017 1172 4067 insti·

63 4100 142 4159 tutu,
167 4109 221 4148 nort
246 4096 453 4148 dissolvuntur.»
464 4100 495 4149 et
509 4099 534 4149 in
551 4110 620 4149 conc.
638 4100 767 4162 epaonensi
783 4099 873 4163 pariter
889 4098 988 4161 legitur:
1005 4096 1100 4157 «Quod
1117 4099 1173 4148 uts

62 4178 184 4243 praesenti
200 4178 309 4242 ternpore
324 4177 496 4240 prohibemus,
513 4182 553 4229 ito
569 4192 600 4229 eo
616 4191 686 4244 quoe
701 4182 766 4230 sont
782 4181 901 4231 anterius
916 4181 1041 4230 instituto
1057 4191 1108 4230 non
1123 4178 1173 4231 sot·

65 4261 254 4318 ommatium
266 4259 367 4324 quidem
381 4259 456 4311 rerba
469 4261 552 4311 omisit
567 4261 722 4326 spalatensis.

134 4339 187 4403 (aa)
202 4339 274 4404 Apud
290 4339 460 4392 sirmondum:
481 4340 598 4393 Condito
613 4344 726 4406 aretque
742 4341 844 4394 cottiae
855 4344 915 4394 tom.
928 4345 947 4393 1.
960 4356 1014 4408 pag.
1031 4344 1082 4392 172.
