2804 5062
159 376 1107 431 aar.m.remuneratur.rursnvrncusctrunnnu.
1153 357 1224 432 att

125 522 182 572 am
191 496 363 585 mdibant
380 497 520 572 istorum
534 496 702 572 connubia
715 496 988 572 instaurabantur
999 497 1226 595 (rothado

125 611 226 686 ›lures
252 629 387 688 exortae
411 612 471 686 illa
495 629 603 689 aetate
629 614 762 688 luerunt
786 613 1033 688 controversiae
1049 639 1136 713 quas
1154 641 1227 714 per·

125 743 258 801 ructant
281 727 374 801 illius
392 727 553 828 temporis
571 729 607 799 in
625 727 732 800 Gallia
749 726 915 824 theologi,
936 728 1132 827 praesertim
1150 753 1225 800 cum

125 843 325 918 evocatione
354 842 455 916 edicti
480 845 699 916 nannetensis
726 841 907 916 cessaverit
936 867 1015 938 erga
1040 841 1226 916 haereticos

125 984 146 1028 n
171 956 283 1030 Gallia
307 956 466 1055 degentes
491 957 724 1043 conniventia,
746 956 818 1029 sive
835 956 935 1029 tacita
953 955 1154 1055 apostolicae
1172 983 1225 1030 se-

125 1071 164 1148 lis
189 1071 415 1172 dispensatio.

184 1187 286 1262 Circa
306 1188 437 1261 tertiam
456 1187 641 1286 epocham,
662 1213 750 1287 quae
772 1186 897 1259 desinit
914 1186 947 1257 in
966 1187 1223 1276 annum1787.,

125 1329 179 1404 [oo
203 1302 396 1376 Ludovicus
420 1301 503 1374 xvt.
529 1302 603 1375 iura
627 1301 742 1375 civilia
767 1300 1028 1401 protestantibus
1054 1301 1090 1374 in
1117 1300 1224 1374 Gallia

125 1433 233 1492 terum
260 1417 448 1506 concessit,
469 1418 517 1491 ita
536 1433 647 1493 mmon
672 1432 709 1490 ut
732 1417 925 1492 distinctam
950 1443 1011 1491 seu
1036 1435 1226 1518 separatam

125 1532 390 1608 emmunitatem
415 1558 483 1607 non
508 1531 680 1607 efficerent
701 1534 791 1629 (27),
806 1557 915 1633 usque
933 1531 976 1606 ad
994 1548 1138 1607 aetatem
1165 1560 1227 1608 no-

125 1664 219 1723 stram
242 1648 358 1723 variae
383 1648 564 1723 extiterunt
586 1646 816 1747 theologorum
834 1648 870 1719 in
888 1647 1005 1721 Galliis
1023 1649 1222 1723 sententiae.

125 1763 181 1839 lec
206 1763 333 1836 mirum
358 1761 402 1837 ob
428 1777 475 1838 tot
500 1763 535 1836 in
560 1787 663 1860 regno
688 1760 746 1836 illo
771 1777 901 1836 exortas
935 1761 1223 1862 perturbationes,

125 1892 214 1979 tque
231 1876 359 1951 idcirco
375 1876 476 1950 etiam
489 1874 533 1951 ob
545 1875 636 1974 leges
652 1875 719 1950 sibi
736 1876 879 1950 invicem
898 1875 1126 1950 succedentes.
1142 1875 1226 1948 Nam

125 2017 147 2064 n
164 1991 256 2093 ipsis
274 1990 417 2090 gallicae
433 1989 693 2092 perturbationis
711 1990 817 2064 initiis
835 1989 972 2064 libertas
990 1989 1143 2064 absoluta
1160 1988 1228 2063 cul·

125 2134 210 2181 uum
236 2107 450 2208 promulgata
479 2123 542 2182 est.
564 2108 683 2181 Postea
698 2130 797 2193 sero,
817 2105 976 2178 nimirum
1002 2131 1090 2179 anno
1115 2106 1222 2177 1792.

125 2222 331 2298 assumtum
356 2237 394 2296 ut
417 2221 574 2320 coniugia
608 2221 902 2296 indiscriminatim
927 2221 1040 2295 omnia
1074 2221 1146 2295 sive
1170 2246 1227 2294 ca·

125 2333 317 2410 helicorum
342 2336 414 2410 sive
439 2334 700 2411 acatholicorum
726 2361 836 2410 coram
862 2335 934 2409 solo
951 2335 1147 2433 magistratu
1165 2361 1227 2409 seu

125 2448 252 2525 tlficiali
277 2448 367 2525 civili
389 2450 655 2540 celebrarentur,
679 2477 787 2551 eaque
803 2452 853 2525 uti
869 2450 983 2525 salida
1008 2448 1222 2525 haberentur.

183 2564 320 2666 Duplex
350 2565 471 2640 exinde
496 2581 568 2640 orta
593 2566 708 2667 opinio
732 2567 822 2640 circa
845 2564 1086 2665 legitimitatem
1112 2566 1227 2642 coniu-

125 2680 267 2778 giorum,
294 2705 383 2781 quae
408 2695 475 2754 toto
499 2678 564 2754 hoc
588 2696 737 2782 tempore
760 2678 804 2753 ab
828 2680 1023 2756 acatholicis
1049 2681 1084 2753 in
1109 2678 1226 2756 Galliis

125 2793 199 2870 inita
218 2810 311 2869 sunt.
327 2794 572 2897 Episcoporum
585 2794 739 2896 plerique
752 2820 813 2895 pro
826 2792 1033 2869 inualiditate
1050 2809 1222 2883 steterunt,

125 2933 188 2984 um
220 2925 370 3011 potestas
403 2910 514 2986 civilis
543 2911 704 3009 derogare
729 2937 797 2984 nou
822 2928 937 3012 posset
961 2911 1093 3010 legibus
1121 2910 1227 2985 eccle-

125 3024 286 3114 siasticis,
315 3026 495 3127 praecipue
519 3051 599 3100 vero
622 3025 755 3100 decreto
779 3025 975 3113 tridentino,
1003 3026 1094 3126 quod
1112 3026 1227 3099 hacte-

125 3163 180 3215 nus
202 3141 238 3213 in
266 3166 329 3213 sua
351 3141 385 3213 si
411 3166 452 3214 ac
476 3140 596 3215 robore
618 3141 771 3240 viguerat
793 3140 829 3212 in
855 3139 972 3213 Galliis
996 3139 1177 3214 uniuersis.

185 3255 340 3330 Attamen
366 3280 433 3328 nou
453 3254 650 3343 defuerunt,
678 3255 737 3355 qui
762 3254 927 3328 eiusmodi
953 3255 1145 3354 nuptiarum
1169 3279 1228 3326 va-

128 3363 218 3445 lorem
246 3389 498 3471 propugnarent
524 3398 563 3445 ac
588 3397 688 3470 porro
724 3385 933 3472 propugnant
964 3371 1053 3465 (28).
1084 3369 1226 3443 Permoti

128 3501 227 3560 tutem
253 3486 392 3560 suntad
419 3486 508 3561 hanc
533 3485 793 3561 consectandum
822 3485 1022 3559 seutentiam
1047 3484 1143 3559 hisce
1168 3510 1229 3585 po-

129 3594 285 3674 tissimum
308 3600 512 3675 rationibus:
533 3604 568 3684 1,
584 3600 676 3701 quod
694 3600 839 3675 revocati
856 3600 981 3673 luerint
998 3599 1175 3674 acatholici
1192 3599 1227 3672 in

187 3850 239 3914 (te)
252 3850 364 3901 cudere
379 3849 439 3902 ibid.
451 3865 477 3901 ιι.
492 3858 560 3903 1222.
573 3852 616 3916 qui
632 3853 714 3902 tamen
727 3864 785 3901 cum
794 3850 874 3902 colret
888 3850 979 3914 excipit
989 3850 1149 3914 protestantes
1159 3848 1227 3900 Alsa·

127 3923 174 3993 lte,
184 3943 244 3981 cum
259 3929 372 3994 plantus
383 3931 407 3981 ln
418 3930 481 3982 locis
491 3932 565 3983 hulus
576 3932 716 3997 productae
727 3944 796 3982 conc.
807 3929 968 3982 tndenouum
977 3943 1027 3981 non
1037 3930 1111 3981 luerit
1120 3930 1227 3994 promul·

187 4090 239 4156 (27)
258 4091 297 4143 cl.
309 4093 382 4143 Hunc
395 4095 478 4144 actum
489 4093 550 4144 ibid.
562 4106 587 4144 n.
599 4100 667 4146 tato.

187 4169 240 4234 (22)
256 4172 326 4229 Quot
343 4170 407 4223 luter
421 4172 465 4223 cit
476 4172 588 4223 coniers
602 4186 628 4223 ιι.
642 4177 711 4224 2222.
724 4169 813 4237 allegat
823 4174 854 4223 D.
863 4171 998 4234 habronis,
1017 4171 1060 4234 qul
1077 4168 1228 4222 lmuldcleos

128 4242 276 4301 mmmm
291 4250 416 4302 mistimat
429 4251 539 4302 edictum
549 4251 668 4303 ludovici
678 4253 741 4302 le.
754 4265 785 4303 eu
795 4249 863 4316 quod
874 4263 924 4302 uon
933 4251 1139 4304 constltusreutur
1148 4250 1228 4313 prote·

128 4325 207 4381 Μία
220 4330 247 4380 lu
260 4331 326 4382 statu
339 4331 464 4384 societatis
474 4331 605 4385 dishuctse
613 4331 645 4383 ab
653 4331 756 4384 scelests
766 4331 897 4384 catholica.
