2804 5062
224 374 287 422 ιιι.
300 373 346 421 ιιι.
361 369 638 423 ιιιιιιιιιιιι.
652 372 1033 423 praeministrans.
1048 373 1117 422 ιιι.
1130 374 1165 423 ιι.
1189 351 1257 422 lid

223 494 259 566 llt
275 491 476 565 accedamus
495 490 540 564 ad
556 491 693 565 tertium
716 490 808 590 quod
830 492 1067 591 proposuimus
1085 519 1262 590 argumen-

150 623 214 681 tum
236 635 280 681 es
304 609 497 682 auctoritate
521 606 759 706 depromptum
777 608 1029 706 exponendum,
1052 608 1150 682 nobis
1169 634 1264 708 prae·

144 741 196 798 stc
219 741 301 797 sunt
323 722 525 798 celebriores
543 722 691 819 theologi
707 739 741 796 et
762 722 845 797 iuris
868 723 1021 798 canonici
1040 723 1260 824 interpretes,

146 841 243 914 immo
264 839 357 939 quod
373 856 479 940 caput
500 855 573 927 est,
601 864 808 913 summorum
832 839 1027 938 pontificum
1050 839 1262 914 authenticae

142 955 401 1030 declarationes.

212 1071 322 1170 Atque
347 1087 386 1144 ut
405 1068 568 1168 a'primis
593 1068 730 1141 initium
755 1068 918 1143 dommus
932 1110 947 1154 ,·
969 1095 1012 1142 ne
1035 1068 1130 1141 nimii
1154 1070 1262 1144 simus

143 1186 180 1257 in
204 1184 336 1259 illorum
362 1183 566 1258 testimoniis
591 1183 773 1257 afferendis
804 1183 983 1257 nonnullos
1014 1183 1196 1280 seligemus
1221 1212 1263 1259 ex

146 1301 189 1373 iis
211 1300 331 1386 edam,
350 1299 411 1399 qui
437 1298 550 1372 minus
577 1298 688 1374 lavere
706 1299 899 1397 pontificiae
924 1298 1034 1374 solent
1058 1300 1259 1375 auctoritati.

143 1416 307 1514 lncipiam
328 1415 433 1512 igitur
449 1440 471 1487 a
487 1413 531 1488 cl.
554 1414 794 1502 Thomassino,
810 1414 869 1514 qui
887 1414 1043 1512 generale
1059 1413 1124 1487 hoc
1140 1413 1264 1489 lemma

145 1531 356 1629 praestituit:
394 1529 655 1629 «Principatum
680 1529 887 1604 auctoritatis
912 1529 945 1603 in
974 1529 1132 1604 omnibus
1157 1528 1264 1604 eccle

145 1646 288 1720 siasticis
310 1645 427 1720 causis
445 1670 524 1750 epse
550 1670 656 1744 penes
677 1645 896 1745 apostolicam
913 1645 1051 1732 sedem;
1077 1645 1137 1719 sed
1153 1646 1189 1718 in
1206 1672 1264 1719 aa·

148 1760 373 1834 dilicationem
393 1759 508 1833 datam
531 1759 582 1832 illi
599 1759 762 1832 divinitus
779 1785 857 1832 esse
879 1759 968 1832 hanc
993 1785 1146 1832 summae
1171 1776 1264 1858 pote·

151 1877 239 1949 statis
270 1875 553 1976 praerogativam.
575 1932 582 1946 .
603 1932 610 1946 .
631 1931 639 1946 .
657 1874 749 1948 Haec
777 1874 967 1949 certissima
992 1874 1077 1947 ratio
1102 1874 1145 1947 ad
1172 1873 1263 1947 solos

151 1991 278 2064 undem
305 1989 485 2090 pontifices
509 1990 677 2064 Romanos
706 1989 874 2064 revocavit
904 1990 1124 2088 gravissimas
1160 2015 1264 2087 quas·

151 2131 289 2206 eumque
315 2104 609 2205 dispensationes,
635 2103 716 2178 hine
741 2105 923 2179 auctoritas
949 2131 1052 2204 supra
1081 2104 1167 2180 alios
1191 2104 1265 2203 epi-

151 2247 263 2322 scopos
289 2219 575 2293 excellentissima
592 2235 625 2293 ot
641 2219 684 2292 ab
703 2220 778 2319 ipso
804 2220 958 2293 instituta
983 2220 1117 2293 Christo
1136 2221 1261 2316 (lips

150 2335 190 2408 lix
212 2333 344 2436 quibus
369 2349 463 2433 patet
484 2333 561 2408 ideo
577 2333 621 2409 ad
648 2333 758 2408 solum
786 2360 871 2409 rom.
898 2334 1109 2434 pontificem,
1135 2334 1264 2433 episoo

149 2451 195 2549 pis
218 2450 392 2538 exclusis,
418 2464 572 2550 spectare
592 2449 882 2551 dispensationes,
903 2451 994 2549 quod
1021 2476 1191 2524 summum
1216 2448 1265 2523 di·

151 2567 271 2641 rinitus
298 2566 528 2666 principatum
552 2565 712 2641 obtineat.

211 2683 345 2757 Natalis
369 2681 579 2756 Alexander:
617 2681 744 2756 «Circa
765 2682 1005 2782 impedimenta
1035 2683 1260 2770 matrimonii,

149 2796 279 2884 scribit,
306 2797 383 2869 iure
405 2796 583 2869 dumtaxat
606 2796 837 2871 ecclesiastico
863 2798 1064 2885 constituta,
1094 2823 1264 2873 summum

148 2913 338 3010 pontificem
354 2911 555 3012 dispensare
572 2938 676 3011 posse
700 2929 829 2986 certum
853 2931 923 3002 est,
944 2942 1078 3013 cumpca
1095 2915 1200 2988 solium
1216 2939 1266 2987 re

147 3027 323 3124 gdamter,
356 3044 394 3100 ut
419 3027 623 3126 loquuntur,
657 3055 763 3127 quum
797 3028 992 3103 huiusmodi
1025 3029 1265 3128 impedimenta

147 3143 209 3215 sint
231 3143 288 3215 vel
307 3170 328 3216 ι
345 3142 497 3226 conciliis
520 3143 750 3240 generalibus,
771 3144 823 3218 vel
842 3172 863 3218 a
881 3145 1022 3220 summis
1047 3142 1264 3243 pontificibus

149 3258 320 3344 instituta,
350 3258 550 3356 inquorum
576 3258 710 3332 decreta
735 3275 933 3358 potestatem
956 3285 1022 3333 non
1047 3252 1172 3333 habc'nt
1193 3259 1265 3358 epi-

148 3374 257 3473 scopi,
285 3401 393 3473 quum
418 3400 533 3447 eorum
558 3375 744 3455 auctoritas
764 3393 800 3449 et
827 3375 1014 3452 iurisdictio
1039 3376 1084 3452 sit
1106 3374 1266 3451 concilio·

149 3515 214 3559 rum
242 3487 454 3585 generalium
481 3504 514 3559 et
543 3515 625 3561 rom.
656 3490 827 3587 pontificis
855 3491 1050 3563 auctoritate
1075 3509 1108 3564 et
1133 3490 1266 3564 iurisdi-

148 3604 253 3676 ctione
279 3602 419 3676 inserior
443 3602 580 3702 illisque
607 3604 760 3678 subiecta
777 3607 898 3699 (44).»

208 3783 260 3842 (ts)
280 3781 431 3832 ecclesiast.
440 3781 544 3845 discipl.
554 3787 616 3846 part.
625 3787 655 3834 ii.
664 3784 707 3834 lib.
719 3784 822 3849 ltiosp.
831 3789 917 3837 xxiv.
927 3788 970 3850 ιμιι
981 3791 1103 3850 praeterea
1114 3801 1168 3850 cap.
1176 3789 1263 3837 xxvi.

148 3872 169 3907 ι.
185 3863 236 3910 set
254 3865 279 3910 ι.
292 3860 401 3910 affirmat
424 3861 491 3922 qnod
506 3862 531 3910 tn
543 3862 693 3924 meinimis
704 3864 843 3926 quibusque
851 3865 971 3917 esnsissd
984 3881 1045 3916 rom.
1058 3867 1198 3929 pontificem
1208 3879 1265 3916 con·

149 3937 256 4001 iqraent
270 3940 368 4002 fideles,
385 3942 493 4004 episcopt
509 3947 536 3991 et
551 3955 619 4004 reges
635 3956 664 3992 es
674 3945 787 3994 musione
804 3945 888 4005 ducti,
907 3945 972 4009 quod
991 3948 1142 3996 consuntitis
1161 3958 1267 4000 moonss

148 4018 177 4067 Ιι
189 4025 402 4070 amarentur:
416 4033 494 4084 quarn
505 4033 564 4071 sero
576 4021 746 4073 obtinerentur
759 4038 774 4073 a
789 4038 850 4075 rom.
868 4026 982 4090 pontifice
999 4026 1202 4091 dispensationes,
1215 4026 1266 4078 eti·

149 4099 442 4162 munatianensis
456 4098 575 4150 ιιιιιιιιιιι
587 4113 602 4150 ι
612 4101 767 4165 principibus
776 4106 943 4167 apostotorum
954 4106 1053 4157 coliata
1066 4107 1105 4158 ct.
1118 4119 1267 4168 anonymis·

150 4181 271 4228 mem
285 4178 399 4241 ομιωιι
412 4178 452 4228 oui
463 4179 503 4228 ot
519 4177 644 4240 Defensto
653 4181 806 4243 pontificios
817 4187 989 4256 auctoritatis
1003 4189 1032 4236 ιιι
1044 4189 1207 4238 matrimonii
1216 4189 1269 4238 vit*

149 4256 467 4316 permisissemus.
479 4259 606 4322 Hierapoli
631 4264 697 4312 1786.
711 4277 763 4324 par.
778 4265 808 4312 ΙΙ.
821 4263 844 4327 §.
859 4266 900 4315 lli.
938 4287 942 4296 =

211 4340 264 4399 (ιι)
283 4337 642 4402 aestumatissimus.
656 4357 680 4391 c.
692 4346 740 4394 art.
755 4345 801 4394 tv.
829 4378 832 4385 .
