2804 5062
143 369 189 440 12
394 390 456 440 arn.
476 387 607 439 assur.
628 389 653 438 r.
668 387 708 437 oa
726 386 851 437 rorrsr.
870 384 994 438 emtus.

142 508 284 581 eeclesia
300 506 426 580 Christi
445 505 555 604 ipsius
572 507 645 579 vice
663 505 807 603 iungens
825 502 982 578 decernat
1004 520 1105 605 atque
1125 504 1253 581 iudicet

143 623 186 696 de
210 619 460 696 conditionibus
486 619 653 719 appositis
679 634 739 693 aut
763 619 996 718 apponendis,
1023 635 1062 692 ut
1084 619 1134 691 nit
1157 620 1252 696 desi-

142 737 276 812 deretur
301 735 481 836 quominus
505 750 540 808 et
562 761 603 807 ex
629 735 732 832 parte
749 750 820 806 tum
845 734 1005 808 materiae
1021 750 1092 808 tum
1109 735 1251 826 formae,

143 859 177 926 et
191 858 344 951 en'parte
368 849 541 945 ministri,
569 866 603 922 et
626 874 666 921 ex
691 864 786 949 parte
812 847 1043 949 suscipientis,
1064 851 1126 924 rite
1144 847 1257 925 suora-

142 982 254 1040 menta
279 964 413 1062 singula
438 964 658 1039 conficiantur
679 989 720 1036 ac
742 962 983 1062 suscipiantur.

215 1079 341 1180 Ecquis
365 1081 455 1153 enim
476 1078 565 1153 alius
590 1095 723 1178 praeter
748 1077 924 1152 ecclesiam
953 1080 1075 1178 poterit
1100 1080 1173 1154 iure
1198 1081 1255 1155 de·

147 1221 299 1282 cernere,
319 1222 359 1269 ac
377 1195 575 1268 sententiam
600 1193 686 1266 ferre
704 1193 738 1265 in
762 1193 824 1280 iis,
852 1219 940 1292 quae
961 1194 1004 1266 ad
1029 1211 1257 1269 sacramento-

145 1337 218 1383 rum
243 1309 409 1397 valorum,
438 1324 496 1383 aut
519 1309 655 1407 dignam
681 1308 892 1384 collationem
919 1322 977 1382 aut
1006 1309 1254 1410 susceptionem

145 1424 389 1525 requiruntur?
412 1423 603 1498 Ridiculum
626 1423 726 1523 plane
751 1440 850 1523 atque
867 1424 1033 1499 absonum
1050 1424 1152 1513 foret,
1173 1450 1256 1500 oon-

146 1539 284 1614 tendere
305 1539 468 1615 ecclesiae
493 1564 560 1613 non
590 1539 702 1613 inesse
731 1563 926 1638 supremam
956 1539 1257 1640 independentem-

147 1681 214 1755 que
238 1671 434 1755 potestatem
459 1653 630 1729 iudicandi
655 1654 699 1726 de
722 1654 882 1742 materia,
914 1655 1047 1743 forma,
1076 1655 1250 1743 subiecto,

144 1768 300 1844 ministro
336 1767 526 1868 baptismi,
563 1767 853 1856 confirmationis,
889 1768 1138 1857 eucharistiae,
1173 1791 1257 1869 poe-

146 1883 305 1959 nitentiae
321 1906 338 1971 ,‘
361 1898 526 1958 extremae
550 1883 745 1971 unctionis,
775 1899 833 1957 aut
856 1882 1011 1972 ordinis,
1042 1883 1152 1984 deque
1168 1883 1255 1966 aliis

144 1997 327 2084 adiunctis,
339 2021 426 2096 quae
443 1995 562 2070 horum
575 1998 724 2072 omnium
738 2013 1022 2073 sacramentorum
1039 1998 1257 2078 administra·

146 2113 288 2196 tionem,
309 2135 348 2184 ac
374 2111 621 2210 susceptionem
641 2113 846 2211 praecedunt
861 2129 920 2186 aut
936 2112 1148 2187 comitantur.
1168 2113 1258 2188 Hinc

146 2250 331 2324 numquam
353 2223 418 2300 hac
433 2225 477 2298 de
494 2250 530 2298 re
545 2225 688 2300 excitata
708 2226 862 2325 quaestio
879 2242 946 2301 est.
962 2225 1045 2300 Cum
1067 2227 1257 2303 donatistae

145 2366 290 2415 errorem
316 2340 596 2440 rebaptizantium
622 2340 820 2440 adoptantes
846 2342 1085 2417 contenderent
1109 2369 1176 2418 nun
1201 2368 1258 2419 so·

146 2454 215 2529 lum
239 2454 283 2529 ab
307 2453 509 2543 haereticis,
538 2480 652 2529 verum
678 2455 781 2529 etiam
798 2481 818 2528 a
835 2455 934 2530 malis
957 2455 1122 2531 ministris
1148 2457 1260 2530 adrni-

145 2569 323 2642 nistratum
339 2567 510 2668 baptisma
527 2567 653 2643 nullium
670 2594 748 2644 ease
763 2569 909 2656 valoris3
931 2595 1009 2645 eum
1033 2572 1261 2647 montanistae

146 2708 187 2758 ac
208 2682 377 2758 novatiani
404 2683 568 2758 nonnulla
584 2710 662 2759 esse
678 2701 816 2785 peccata
833 2685 1009 2774 docerent,
1031 2713 1119 2787 quae
1133 2687 1260 2762 virtute

146 2798 288 2873 clavium
311 2796 434 2872 remitti
456 2813 514 2873 aut
533 2798 619 2874 solvi
645 2826 713 2874 non
739 2816 897 2900 possent;
925 2827 1070 2902 cumque
1093 2802 1257 2879 callixtini

146 2913 371 2989 necessariam
390 2913 433 2988 ad
459 2914 602 2989 sulutem
627 2941 704 2989 esse
728 2918 904 3017 utriusque
926 2916 1142 2993 eucharistici
1164 2945 1259 3019 sym-

146 3028 213 3104 boli
249 3029 474 3129 sumptionem
499 3031 693 3119 effutirent,
723 3057 835 3106 nonne
858 3033 932 3107 iure
955 3028 999 3106 ab
1023 3032 1169 3108 ecclesia
1198 3059 1259 3108 su·

146 3258 231 3360 liqui
248 3285 383 3347 omnes,
403 3260 461 3361 qui
477 3260 733 3335 similiratione
748 3261 927 3337 ecclesiam
944 3263 1143 3338 incusarunt
1167 3263 1260 3343 circa

147 3373 288 3448 aliorum
307 3393 589 3452 sacramentorum
608 3377 960 3454 administrationem?
977 3380 1094 3454 Nonne
1111 3379 1184 3478 pari
1204 3405 1259 3454 ra·

147 3489 237 3563 tione
263 3491 375 3564 reiecti
404 3492 448 3565 ab
476 3493 620 3569 ecclesia
649 3511 729 3570 sunt
758 3495 982 3570 montanistae
1011 3522 1051 3569 ac
1084 3494 1257 3568 novatiani

148 3603 266 3703 primis
284 3604 429 3692 seculis,
450 3607 733 3705 quemadmodum
759 3610 869 3684 medio
894 3635 977 3684 aevo
1003 3610 1150 3696 cathari,
1174 3608 1260 3683 albi-

150 3720 466 3820 gensesproscripti
486 3736 565 3794 sunt
581 3722 641 3820 qui
661 3724 785 3820 pariter
807 3723 897 3798 circa
914 3741 1162 3799 sacramentum
1177 3751 1259 3824 poe-

150 3834 309 3908 nitentiae
329 3851 387 3908 aut
405 3835 491 3908 sacri
517 3836 647 3909 ordinis
673 3839 814 3938 turpiter
837 3838 1015 3912 errarunt?
1033 3839 1257 3924 Quandonam

147 3949 317 4051 principes
338 3966 396 4026 aut
410 3951 587 4036 ⁴seculares
608 3969 789 4054 potestates
814 3980 890 4030 sese
913 3955 1008 4029 hisce
1032 3955 1179 4053 negotiis
1198 3955 1258 4028 im-

146 4064 364 4153 miscuerunt,
380 4083 438 4145 sut
449 4067 703 4155 contenderunt,
716 4069 893 4147 ecelesiam
906 4069 1000 4143 haud
1013 4095 1114 4170 posse
1126 4069 1263 4169 absque

146 4178 371 4281 dependentia
388 4199 595 4283 apotastate
617 4184 712 4259 civili·
731 4211 828 4261 suam
853 4210 1008 4260 exercere
1034 4184 1257 4286 potestatem?

148 4294 291 4381 Quando
300 4319 386 4371 uam-
394 4296 558 4385 ecclesiae
567 4299 796 4385 auctoritatem
812 4298 1256 4375 insacramentaobnoxiaru
