2804 5062
292 340 360 410 iot
532 361 593 412 ιιι.
614 363 649 413 ιι.
672 358 757 415 sacr.
780 364 802 414 1.
824 364 864 415 ιι
884 364 1007 417 ιιιιιιι.
1031 363 1158 417 amnas.

708 581 917 641 ARTICULUS
934 582 972 639 li.

443 770 594 850 sponsalia
613 775 757 847 qnatenus
777 769 816 830 ad
835 775 1050 831 sacramentum
1070 766 1252 830 Matrimonii

553 868 712 945 disponunt
731 867 881 928 subiaoant
900 869 957 929 iuri
976 866 1133 941 Ecclesiae.

362 1059 414 1132 nd
435 1084 556 1134 causas
582 1058 848 1132 matrimoniales
865 1058 965 1132 etiarn
983 1082 1108 1133 causae
1123 1057 1169 1132 de
1187 1055 1387 1158 sponsalibus

295 1177 439 1251 reuocari
454 1174 576 1251 soient.
591 1176 750 1275 Superest
764 1175 866 1273 igitur
878 1190 914 1248 ut
928 1173 1090 1248 nonnulla
1102 1173 1307 1247 adiiciamus
1318 1173 1389 1248 eima

294 1292 409 1365 eadem
432 1290 624 1392 sponsalia
645 1317 734 1423 quae
754 1286 962 1365 constituunt
986 1305 1117 1390 partem
1144 1280 1342 1385 integralem
1360 1312 1391 1362 ao

292 1408 575 1509 praeparatorium
592 1406 824 1506 coniugiorum
841 1407 1102 1481 christianorum
1125 1405 1170 1480 de
1193 1396 1335 1519 quibus
1338 1406 1393 1479 dis

292 1525 450 1599 serimus.
471 1523 590 1599 Paucis
622 1523 665 1596 ab
689 1524 754 1597 han
785 1524 924 1597 materia
949 1549 1011 1596 nos
1037 1520 1301 1610 extrioabimus,
1331 1544 1393 1596 en

294 1639 421 1714 nobis
412 1668 447 1712 ιιι
465 1640 578 1714 animo
595 1664 662 1713 non
687 1636 736 1713 ιιι
751 1632 909 1770 persequi
934 1662 1021 1739 quae
1034 1628 1077 1712 nd
1098 1628 1291 1736 theologiae
1308 1658 1393 1738 qam

293 1755 453 1831 moralem
477 1771 622 1844 uocant,
638 1750 697 1831 aut
713 1754 784 1873 ad
775 1755 861 1829 ruris
877 1752 1033 1867 'canonici
1058 1752 1279 1853 quaestiones
1291 1750 1396 1865 praeli*

293 1896 351 1946 aas
375 1870 574 1945 referuntur.
639 1866 643 1932 ἶ
942 1892 945 1897 ’

364 1986 544 2087 sponsalia
567 1986 702 2060 definiri
736 1982 1007 2061 oonsue'uerunt:
1038 1976 1289 2085 «promissio
1285 1970 1395 2057 mutu

294 2117 328 2176 ιι
350 2101 536 2177 deliberata
559 2102 661 2176 inturi
686 2118 720 2175 et
743 2101 926 2202 aliquando
955 2099 1177 2176 contrahendi
1202 2089 1395 2175 matrimonii

293 2216 536 2293 sufficientibus
558 2216 671 2292 vorbis
689 2233 748 2290 ant
761 2215 869 2314 signis
886 2209 1056 2291 deelarata
1072 2216 1160 2301 inter
1177 2207 1345 2316 personas
1359 2205 1395 2288 ad

293 2332 558 2407 contrahendum
579 2332 652 2407 iura
675 2330 806 2407 habiles
820 2328 1022 2407 et'idoneas.
1043 2330 1110 2404 »A
1121 2324 1306 2406 nicolani
1322 2352 1393 2405 roni.

293 2448 452 2548 pontifice
472 2448 629 2523 dicuntur
653 2446 826 2549 sponsalia
854 2443 1076 2523 «futurarum
1105 2446 1304 2547 nuptiarum
1332 2469 1397 2548 pro·

297 2563 404 2638 missa
430 2563 565 2637 loedere
585 2566 712 2660 (24).»
1173 2556 1176 2561 ’
1200 2556 1203 2562 ’

368 2677 460 2752 Haeo
483 2705 561 2753 vero
581 2679 755 2780 sponsalia
776 2706 842 2755 non
870 2681 1012 2754 subesse
1034 2680 1198 2755 eeclesiae
1224 2676 1397 2780 potestati,

299 2794 359 2867 sed
376 2795 477 2868 unice
493 2797 648 2894 potestati
666 2797 758 2869 civili
778 2822 818 2870 ao
840 2797 996 2897 politicae
1021 2797 1171 2897 synodus
1195 2782 1400 2897 pistoriensis

298 2910 501 2997 autumavit,
535 2909 633 2983 euius
663 2912 807 3010 proinde
839 2912 1045 3013 propositio,
1074 2937 1162 3011 quae
1185 2926 1240 2985 ιιι
1263 2911 1330 2986 sub
1351 2936 1383 2982 ιιι

297 3051 388 3100 mero
406 3024 517 3097 lviii.
535 3052 556 3098 a
574 3027 632 3101 Pio
649 3027 702 3097 vi.
725 3026 760 3099 in
779 3027 971 3125 dogmatica
989 3027 1227 3101 constitutione
1244 3027 1338 3101 Auel
1367 3075 1378 3088 ··

295 3140 374 3239 fidei
393 3167 536 3215 censura
555 3141 668 3214 notata
685 3158 756 3230 est,
779 3157 877 3241 prout
895 3142 1052 3241 superius
1072 3141 1241 3230 uidimus,
1258 3168 1327 3216 neo
1343 3162 1401 3215 non

294 3256 413 3331 iterum
433 3257 539 3331 tuisse
560 3257 783 3357 proscriptam
803 3258 838 3329 in
857 3257 1090 3359 Nepomuoeno
1105 3252 1256 3358 Nuytz'n
1276 3257 1334 3333 rio
1351 3254 1400 3329 li.

297 3373 529 3469 patefecimus.

369 3488 435 3558 iam
461 3514 538 3561 vero
564 3489 637 3561 iure
666 3516 705 3562 ae
738 3489 855 3562 merito
886 3489 1077 3562 damnatam
1109 3488 1215 3562 luisse
1246 3488 1390 3562 eiusmo

299 3600 484 3676 doctrinam
510 3605 638 3678 nullius
657 3604 780 3702 negotii
799 3620 850 3678 est
867 3604 1062 3693 ostendere,
1084 3605 1114 3677 si
1137 3602 1239 3703 paulo
1265 3603 1371 3676 anim
1388 3636 1400 3663 u

297 3717 512 3792 intendamus
537 3721 579 3793 ad
607 3720 810 3821 principium
837 3722 927 3794 unde
954 3722 1123 3808 dimanat,
1144 3720 1188 3793 ad
1206 3719 1255 3793 rei
1281 3725 1350 3820 qua
1379 3754 1402 3781 ιι

300 3835 410 3931 agitur
434 3852 610 3925 naturam,
632 3836 674 3910 ad
702 3854 832 3938 patrum
857 3837 1065 3924 doctrinam,
1085 3837 1128 3910 ad
1151 3861 1252 3910 usum
1270 3834 1402 3935 deniqn

300 3964 334 4020 et
360 3951 489 4048 praxim
516 3951 680 4026 ecciesiae
704 3952 894 4027 universae.

363 4171 412 4234 (nt)
428 4175 456 4222 ln
467 4187 530 4238 resp.
543 4177 576 4227 ad
587 4175 714 4227 consulta
725 4177 906 4240 Bulpororum
914 4189 968 4240 cap.
984 4178 1029 4226 iii.
1042 4175 1084 4225 ubi
1094 4174 1191 4225 subdit:
1205 4176 1340 4239 nonaeque
1357 4182 1399 4224 eat

290 4263 488 4383 1ιῑιιιιιῑιοιιιιιι,
508 4254 552 4318 qui
571 4256 632 4307 irasc
647 4258 812 4322 contrairent,
830 4259 855 4309 et
874 4271 959 4308 eorum
978 4257 1127 4318 inquorum
1145 4256 1266 4317 potestate
1283 4255 1360 4317 sunt,
1384 4279 1399 4293 ν-

299 4345 313 4384 e
331 4345 375 4382 ren
387 4346 424 4383 nr.
443 4352 455 4376 ι
