2804 5062
135 388 1041 447 mr.ur.unuua.ror.msr.utmurmurmurmur.
1095 376 1160 448 III

68 504 202 584 unitim
227 507 410 584 eonstituta
427 523 518 597 aunt,
538 507 653 584 divino
673 510 746 585 iure
764 537 831 586 non
848 512 994 614 amplius
1017 513 1167 614 obligare

38 624 286 712 ebriatianos,
312 624 364 697 uti
387 623 474 699 alias
497 640 531 700 et
555 651 617 702 uos
642 626 956 716 animadvertimus3
977 655 1053 705 oum
1074 631 1166 730 legas

56 738 319 814 caeremoniales
340 765 382 815 ao
405 739 582 815 iudiciales
599 766 661 840 per
676 741 847 817 Christum
865 744 1008 821 abolitae
1027 747 1162 822 suerint

54 856 93 928 Si
109 855 253 956 proinde
270 854 341 929 illis
358 854 608 955 impedimentis
624 857 738 932 adhuc
755 875 945 933 tenerentur
968 860 1164 950 christiani,

54 970 133 1045 ideo
148 985 262 1059 asset,
281 971 366 1071 quia
382 987 572 1071 spectarent
595 972 637 1046 ad
663 972 770 1072 legem
790 973 948 1049 moralem
966 1001 1027 1050 seu
1047 977 1091 1050 ad
1106 1003 1168 1052 na-

53 1102 156 1160 turae
175 1084 305 1184 legem
334 1102 435 1186 atque
455 1086 519 1161 hoo
539 1088 652 1187 reipsa
677 1089 742 1163 Iuit
764 1089 855 1189 quod
881 1105 1095 1166 autumarunt
1109 1117 1168 1166 ve-

55 1217 150 1275 teres
167 1201 216 1274 ita
230 1200 412 1302 nuncupati
429 1202 664 1278 reformatores
685 1206 782 1301 (103)
803 1204 1032 1304 potissimum
1046 1210 1085 1282 ut
1101 1206 1168 1282 Irae

53 1317 189 1391 radone
207 1315 344 1391 IIenriei
365 1316 452 1390 VIII.
472 1316 612 1415 Angliae
636 1319 725 1416 regis
751 1319 943 1417 coniugium
970 1345 1046 1394 oum
1071 1320 1168 1396 Anna

52 1431 183 1533 Boern
208 1430 478 1507 eohonestareut.
499 1433 583 1506 Nam
601 1432 681 1508 huio
697 1434 804 1508 innixi
821 1433 1055 1524 fundamento,
1074 1435 1167 1536 quod

53 1545 182 1646 padua
207 1571 330 1623 omnes-
349 1545 422 1622 aiva
444 1548 745 1646 oonsanguinitatis
766 1548 839 1624 siue
862 1549 1036 1626 affinitatis
1054 1550 1090 1623 in
1106 1552 1168 1626 Is·

55 1661 155 1737 ritioo
175 1659 367 1736 enumerati
380 1659 423 1735 ad
440 1659 604 1737 ecelesiae
623 1662 851 1737 auetoritatem
874 1664 1013 1738 minime
1035 1670 1168 1762 speeta-

60 1779 150 1864 raat}
173 1774 332 1876 adeoque
347 1801 370 1849 a
386 1793 469 1852 rom.
485 1776 643 1876 pontifice
663 1777 700 1851 in
720 1776 813 1852 nullo
835 1803 951 1853 eorum
975 1777 1168 1878 dispensari

60 1906 197 1992 poam,
224 1889 411 1967 intulerunt
433 1889 690 1980 relaxationem,
716 1918 779 1967 seu
805 1892 938 1968 ueniam
963 1918 986 1966 a
1009 1892 1168 1992 pontifice

60 2007 202 2083 Ilouriro
234 2007 361 2082 tarum
384 2007 529 2081 duoendi
554 2007 769 2082 catharinam
793 2007 940 2082 Arthuro
970 2007 1043 2082 eius
1074 2005 1167 2081 Iratri

62 2121 275 2199 matn'monio
305 2120 547 2209 ooniunetam,
580 2120 660 2196 Iioet
682 2121 894 2197 matrimonio
919 2147 986 2197 nou
1010 2146 1168 2196 eonsum-

62 2253 145 2313 mato
168 2239 208 2310 in
233 2235 399 2312 viduitate
423 2235 593 2325 relictam,
614 2235 740 2310 nullius
766 2235 872 2311 Iuiaea
895 2236 1030 2311 valoris.
1053 2235 1167 2322 Quum

62 2353 198 2454 proinde
215 2351 333 2426 irritae
350 2350 473 2427 fuerint
488 2348 626 2453 nuptiae
637 2366 752 2451 utpote
769 2351 1008 2450 impedimento
1018 2351 1168 2427 irretitae

63 2468 158 2569 primi
170 2466 351 2544 affinitatis
364 2466 502 2565 gradus,
510 2467 569 2567 qui
583 2467 618 2540 in
626 2467 771 2543 Leuitioo
779 2468 977 2555 eontinetur,
986 2465 1168 2540 Henrioum

64 2583 149 2673 iure,
164 2583 235 2659 hou
249 2580 418 2656 dissoluto
432 2580 605 2678 eoniugio,
624 2580 667 2654 ad
681 2607 784 2657 noras
802 2582 938 2682 nuptiae
955 2578 1164 2657 oourolas'se.

128 2700 195 2775 Ast
223 2697 443 2774 tridentinum
475 2683 654 2773 concilium
679 2697 770 2774 huno
795 2714 988 2774 novatorum
1022 2722 1168 2772 errorem

66 2815 278 2891 anathemate
293 2813 431 2890 ooufixit
447 2839 533 2890 sesa.
545 2815 657 2887 XXIV.
675 2814 824 2890 hooean.
838 2814 897 2887 III.
913 2813 976 2886 «Si
988 2813 1066 2913 quia
1077 2813 1169 2887 dixe·

67 2931 118 3018 rit,
136 2955 197 3004 eoa
216 2944 346 3003 tantum
370 2928 671 3027 oouaauguiuitatis
695 2945 729 3002 et
751 2928 924 3004 affinitatis
941 2927 1088 3025 gradus,
1107 2925 1167 3025 qui

66 3045 208 3122 Ieritioo
232 3044 482 3145 exprimuntur,
505 3069 606 3144 posse
631 3044 794 3144 impedire
818 3044 1067 3119 matrimonium
1090 3063 1169 3113 oon·

66 3159 277 3247 tuirandum,
296 3173 331 3233 et
344 3157 502 3233 dirimere
523 3173 749 3247 eontraotum3
768 3184 826 3231 neo
837 3183 932 3257 poree
949 3156 1116 3229 eoolmiom
1131 3153 1169 3226 io

66 3273 232 3347 monilis
248 3274 393 3371 spamam
409 3270 617 3371 dispensum
635 3272 752 3348 anath.
773 3273 854 3346 ait.»
871 3269 976 3367 Igitur
991 3267 1041 3340 uti
1059 3280 1169 3339 raum

67 3388 343 3489 exploratumque
359 3386 504 3462 assumit
518 3387 697 3462 oonoilium
714 3413 781 3460 uon
798 3395 916 3459 omnes
933 3381 1117 3457 recensitos
1132 3380 1169 3453 in

66 3504 211 3580 Levitioo
234 3503 306 3578 aire
326 3503 649 3602 consanguineitatis
671 3503 744 3577 siue
764 3498 938 3575 affinitatis
962 3497 1085 3597 gradus
1107 3497 1171 3570 im-

67 3620 178 3718 pedire
193 3634 257 3694 aut
269 3619 426 3695 dirimere
441 3619 599 3718 coniugia
613 3619 648 3693 ri
664 3617 750 3716 Iegis
766 3613 902 3690 moralis
920 3613 1038 3689 saltem
1055 3636 1172 3713 presse

68 3751 239 3838 sumptae3
259 3733 409 3836 alioquin
433 3735 571 3810 minime
595 3733 807 3809 definirissot
822 3756 923 3833 possa
939 3729 1116 3805 eeclesiam
1133 3727 1170 3799 in

70 3850 238 3926 nonnullis
262 3849 396 3925 illorum
419 3850 616 3950 dispensare
632 3851 744 3945 (104).

132 4024 202 4090 (toa)
217 4025 365 4078 entmundi
375 4026 540 4079 mosmos
549 4025 914 4089 tuarunILutherus,Burerua,
923 4019 1172 4086 calamus,chemui·

72 4105 521 4170 ammanium-statamus.

133 4185 202 4250 (Μ)
215 4188 367 4251 Argum·
383 4185 473 4250 quibua
485 4185 588 4252 praefati
597 4185 713 4240 mortiet
725 4185 891 4239 inuItaonntur
900 4185 929 4237 ut
939 4182 1078 4236 saturarent
1087 4192 1174 4258 omnpa

10 4264 23 4339 ι’
75 4261 166 4316 W
176 4265 268 4330 ΜΒ
285 4265 319 4318 td
332 4266 411 4330 lem
426 4268 537 4332 spootma
545 4267 647 4319 naturae
656 4266 772 4332 expandlt
784 4263 944 4332 dtsaolvttqua
953 4263 1114 4318 numum
1123 4259 1171 4310 loo.

10 4354 16 4405 ι
78 4340 864 4413 etnanvuunanuanannuuuqasm.
