2804 5062
325 370 395 422 mr.
413 371 437 422 1.
454 370 529 422 esu.
546 371 617 423 rora
636 371 760 423 rorssr.
778 372 903 425 cirrus.
920 374 990 424 aar.
1013 373 1035 422 ι.
1175 354 1244 425 ibb

132 486 316 588 disciplina
340 486 504 564 ecclesiae
528 515 588 590 per
611 488 729 565 fideles
755 491 945 592 principes,
975 491 1046 566 sive
1070 491 1244 578 solvatur,

134 602 190 679 ille
214 602 261 678 ab
285 603 338 679 eis
364 605 526 680 rationem
551 605 675 704 exigit,
696 606 755 706 qui
774 632 889 682 eorum
906 607 1061 707 potestati
1078 633 1175 682 suam
1193 622 1248 684 ec·

135 717 276 796 clesiam
301 718 447 793 credidit
461 721 576 817 (21).»

204 834 249 909 Et
274 833 358 909 baec
387 834 443 910 vix
472 835 572 910 nobis
604 835 776 911 delibasse
809 837 959 912 sufficiat
988 838 1078 911 circa
1108 863 1247 913 sensum

132 949 340 1025 christianae
356 949 567 1051 antiquitatis
584 949 628 1024 de
641 949 860 1026 relationibus
878 978 964 1052 quas
982 952 1152 1053 principes
1169 978 1249 1050 erga

131 1064 312 1141 ecclesiam
337 1078 415 1166 post
439 1065 589 1166 ipsorum
621 1066 874 1142 conversionem
908 1067 1020 1168 adepti
1048 1083 1127 1143 sunt
1154 1070 1244 1165 (22).

132 1180 181 1256 Ex
206 1205 250 1256 eo
275 1181 402 1283 quippe
425 1180 732 1281 deprehendimus,
759 1183 849 1283 quod
874 1182 929 1258 vel
953 1184 1029 1284 ipsa
1054 1210 1138 1259 sana
1164 1185 1247 1259 ratio

133 1295 261 1384 dictat,
290 1294 459 1397 principes
483 1322 544 1397 per
573 1323 690 1372 eorum
721 1298 974 1373 conversionem
1008 1299 1062 1372 ius
1090 1297 1244 1386 nullum,

135 1408 263 1483 nullam
291 1435 431 1510 prorsus
457 1411 754 1511 praeeminentiam
781 1438 883 1512 snper
906 1411 1084 1486 ecclesiam
1105 1415 1251 1514 acquisi-

133 1524 244 1613 visse,
269 1523 331 1599 sed
357 1525 445 1601 lilios
470 1527 700 1603 tantummodo
724 1554 764 1603 ac
790 1528 944 1603 subditos
969 1529 1120 1604 evasisse
1143 1529 1250 1603 ecole-

135 1640 227 1728 sias,
257 1654 359 1741 atque
375 1640 411 1713 in
428 1640 662 1741 spiritualibus
685 1642 795 1717 eidem
820 1642 957 1718 omnino
982 1668 1058 1718 esse
1082 1642 1250 1718 subiectos

134 1781 176 1831 eo
201 1780 344 1858 prorsus
368 1756 469 1831 medo
493 1783 563 1858 quo
586 1757 687 1832 ceteri
714 1758 841 1858 quique
870 1756 999 1832 fideles.
1019 1756 1251 1857 Deprehendi-

134 1897 212 1947 mns
238 1886 411 1974 praeterea
435 1873 573 1948 eosdem
596 1888 711 1973 utpote
731 1900 752 1947 a
772 1873 859 1960 lieo,
883 1898 905 1946 a
924 1897 992 1973 quo
1013 1871 1124 1946 omnis
1148 1872 1250 1946 etiam

135 1985 331 2089 temporalis
348 2002 497 2088 potestas
515 2004 584 2077 est,
606 1987 747 2088 imperio
759 2002 792 2063 et
805 1987 1000 2063 auctoritate
1013 1987 1168 2075 donatos,
1184 2013 1251 2062 non

135 2099 248 2178 solum
273 2099 396 2177 debere
420 2102 613 2204 prospicere
646 2103 739 2202 paci,
777 2101 1011 2204 tranquillitati
1037 2128 1077 2178 ac
1101 2117 1252 2177 terrenae

136 2215 348 2292 subditorum
367 2217 601 2320 prosperitati,
621 2219 855 2294 verumetiam
873 2219 976 2294 teneri
995 2217 1038 2293 ad
1056 2218 1250 2294 eorumdem

134 2332 314 2436 spirituale
328 2332 475 2422 bonum,
497 2349 735 2435 aeternamque
756 2333 948 2408 felicitatem
973 2331 1247 2435 promovendam,

136 2473 206 2526 non
233 2448 372 2549 quidem
399 2476 460 2549 per
484 2476 546 2538 se,
575 2450 605 2526 si
630 2451 816 2551 optimum,
844 2449 933 2550 quod
959 2448 1003 2522 de
1028 2475 1066 2524 se
1091 2447 1252 2549 praebere

134 2562 261 2641 debant
292 2564 479 2664 exemplum
505 2565 671 2666 excipias,
700 2566 761 2640 sed
786 2564 936 2640 curando
961 2563 1176 2664 potissimum
1201 2589 1252 2638 ec·

134 2679 265 2758 clasiae
287 2679 432 2769 bonum,
459 2680 623 2756 auxilium
647 2696 871 2781 opportunum
890 2680 922 2754 ei
940 2679 1176 2768 lerend0,eam
1200 2695 1253 2753 tu-

135 2794 226 2872 endo
252 2821 293 2871 ac
318 2796 541 2895 protegendo,
569 2811 607 2869 ut
636 2796 710 2870 eius
735 2795 959 2870 ministerium
990 2794 1095 2870 libare
1119 2794 1253 2895 explere
1359 2789 1361 2794 ’

138 2912 265 3012 possit,
286 2912 360 2985 eius
378 2911 494 2986 hostes
511 2911 713 3000 coercendo,
734 2928 912 3012 ceteraque
929 2911 1145 3013 praestando,
1166 2936 1253 3011 quae

136 3026 250 3103 eidem
275 3026 431 3103 subsidio
456 3053 532 3102 esse
556 3044 706 3128 quaeunt
730 3027 773 3102 ad
800 3028 901 3101 linem
923 3053 1119 3128 supremum
1135 3051 1253 3101 conse-

136 3141 312 3244 quendum
337 3140 402 3218 sibi
429 3141 591 3217 divinitus
616 3142 867 3216 demandatum.

213 3257 310 3346 Quae
326 3258 356 3332 si
374 3283 456 3360 prae
472 3257 579 3332 oculis
605 3257 728 3357 iugiter
751 3257 923 3357 principes
946 3255 1166 3342 habuissent,
1192 3279 1253 3328 no-

138 3371 353 3474 luissentque
369 3373 445 3447 iura
461 3398 601 3472 prorsus
619 3370 769 3446 indebita
786 3370 852 3446 sibi
870 3395 1038 3469 arrogare,
1049 3384 1096 3444 tot
1108 3368 1253 3444 dissidia

213 3556 265 3620 (²1)
278 3559 354 3608 conc.
367 3555 500 3620 parisianae
515 3557 557 3606 vl.
573 3568 613 3606 an.
628 3562 683 3607 aas.
693 3554 737 3606 111).
750 3557 782 3605 11.
796 3567 851 3618 cap.
866 3555 898 3604 11.
911 3555 949 3605 lta
958 3551 1065 3605 collect.
1079 3553 1196 3604 maximo
1207 3553 1252 3604 ve·

140 3638 193 3689 net
205 3639 268 3688 tom.
278 3639 343 3688 11111.
353 3637 401 3689 cel.
411 3641 465 3688 57⁸.

215 3715 266 3779 (aa)
284 3715 333 3775 Qui
348 3715 420 3781 plura
434 3715 481 3766 hac
496 3714 528 3765 de
544 3728 570 3766 re
585 3713 731 3765 documenta
746 3725 892 3778 cognoscere
906 3713 1017 3778 exoptat,
1028 3711 1118 3777 poterit
1128 3710 1255 3763 consulam

140 3792 329 3847 &mannum
340 3808 404 3859 opus
413 3793 522 3846 doctoris
533 3793 660 3846 sorbonicl
672 3793 790 3845 liaucleri
802 3793 898 3845 duobus
914 3793 1005 3844 volum.
1021 3792 1117 3843 infolio
1128 3790 1253 3855 inscripti:

140 3877 180 3927 Da
190 3874 348 3927 marchia
357 3874 474 3927 seeulmi
485 3875 810 3927 cbritttcnc.1.utet.l³aris.
824 3882 892 3926 1611.
903 3874 1048 3925 Praesertim
1059 3885 1118 3924 tero
1127 3873 1252 3936 lantpert.

141 3955 187 4006 lib.
197 3958 232 4006 11.
243 3969 297 4019 cap.
309 3963 324 4008 a
339 3957 442 4019 seqqat
454 3956 543 4007 iterum
553 3954 596 4005 lib.
609 3956 654 4006 111.
665 3967 719 4020 cap.
735 3963 744 4006 1
757 3968 825 4020 seqq.
838 3958 899 4006 tem.
911 3956 944 4005 11.
953 3957 1003 4006 Nec
1013 3967 1064 4005 non
1073 3952 1194 4004 Mamaobi
1206 3952 1254 4004 Dal

141 4032 236 4086 dirittc
248 4033 330 4085 libero
341 4033 509 4086 delloclttean
522 4033 578 4084 libri
589 4035 633 4084 111.
645 4037 712 4084 risa.
724 4034 869 4098 Rcaloriny
881 4036 1053 4085 Monumenta
1065 4032 1254 4096 catholicupro

141 4113 346 4179 independentia
358 4117 497 4178 numiam
509 4112 700 4166 ecckstasttcoa
709 4112 744 4164 ob
755 4115 863 4178 imperto
874 4112 948 4164 civili
962 4114 1068 4176 quatuor
1082 4113 1174 4164 volum.
1192 4112 1252 4165 ime.

141 4208 217 4245 arec.
230 4196 274 4245 lv.
286 4194 319 4245 ad
334 4195 394 4245 baec
410 4207 488 4258 usque
498 4197 581 4245 nocua
596 4196 714 4256 tempora.
725 4193 828 4257 Plrillips
837 4193 863 4243 in
873 4206 913 4257 op.
926 4196 969 4244 Du
979 4192 1050 4244 droit
1063 4193 1256 4256 ecclerlasthuc

143 4273 212 4326 duaa
220 4276 400 4339 conprincipes
411 4275 569 4339 cesaraeae.
580 4274 655 4325 Trad.
665 4273 696 4325 dc
705 4273 844 4325 l'allamand
854 4286 899 4338 par
907 4273 963 4324 l'ab.
976 4275 1089 4326 croniet.
1100 4273 1171 4326 Paris
1184 4279 1252 4326 1⁸5⁰.

141 4357 204 4408 ton.
217 4353 292 4406 deux.
307 4355 363 4407 lirr.
376 4356 395 4407 1.
407 4356 447 4408 ch.
460 4360 491 4407 x.
508 4353 614 4419 L'ooltsc
628 4357 653 4406 ct
670 4352 699 4405 lo
713 4354 808 4405 sociate
824 4353 957 4407 samaiae.
1184 4415 1205 4459 ᾖ
