2804 5062
211 208 378 267 eternus
389 215 480 268 roca.
492 214 1088 268 rotm.ntst.ttt1!t.ttm.nttt.tttt.
1101 216 1149 268 ru.
1178 192 1245 267 lll

161 332 265 407 tionem
289 333 480 407 decernere.
509 331 666 433 Alioquin
693 349 831 431 possent
851 332 980 406 iudices
1003 333 1176 407 inferiores
1201 333 1250 408 le·

154 448 308 544 gislatoris
330 449 479 547 supremi
497 474 559 522 seu
584 448 747 547 principis
770 447 876 545 legem
898 447 1044 537 violare3
1065 450 1154 548 quod
1173 476 1250 548 pro-
1323 490 1325 497 ·

151 564 225 638 lecto
237 591 338 639 nemo
354 565 455 638 dicet.
473 564 585 650 Quare
601 564 839 637 inconcussum
849 590 947 661 penca
960 591 1066 638 omncs
1079 579 1251 664 permanet

151 682 227 777 quod
249 709 279 754 s.
302 681 450 754 Thomas
468 680 602 754 statuit:
636 679 731 765 «Qui
756 678 858 752 habet
878 706 986 778 repere
1010 680 1253 753 multitudinem

151 794 239 870 hahet
260 811 461 895 potestatem
483 796 704 895 dispensandi
728 795 763 865 in
783 793 855 891 lege
875 794 1044 881 humana,
1065 820 1152 895 quae
1168 819 1252 868 suae

147 911 329 985 auctoritati
356 911 558 985 innititur.»
583 911 648 983 Sed
669 926 816 1009 praestat
833 910 997 1007 integrum
1015 910 1167 984 eiusdem
1185 910 1253 982 An·

147 1025 235 1121 gelioi
252 1026 403 1100 doctoris
423 1041 549 1099 textum
568 1025 779 1099 describere:
811 1025 1009 1123 nContingit
1024 1026 1247 1125 quaudoque,

142 1141 189 1213 ait
211 1142 305 1241 ipse,
335 1142 427 1241 quod
449 1141 586 1241 aliquod
612 1156 846 1240 praeceptum,
867 1141 957 1241 quod
976 1157 1027 1214 est
1049 1142 1091 1213 ad
1109 1167 1252 1215 commo·

141 1255 216 1327 dum
241 1255 472 1329 multitudinis
489 1273 526 1328 ut
542 1256 577 1328 in
596 1255 770 1354 pluribus,
799 1281 864 1327 non
882 1272 933 1328 est
950 1254 1154 1329 conveniens
1172 1253 1251 1328 huic

145 1396 324 1467 personae,
344 1369 397 1444 vol
423 1371 458 1442 in
484 1369 549 1444 hoc
565 1397 669 1444 casu:
690 1370 771 1470 quia
790 1371 842 1443 vel
870 1398 929 1468 per
946 1369 1011 1444 hoc
1035 1370 1252 1471 impediretur

137 1484 266 1584 aliquid
287 1485 433 1570 melius,
455 1484 626 1560 ueletiam
645 1485 857 1558 induceretur
876 1485 1014 1584 aliquod
1038 1485 1176 1557 malum.
1192 1545 1198 1557 .
1217 1544 1246 1558 ..

142 1601 369 1675 Periculosum
395 1618 505 1674 autem
527 1617 635 1687 esset,
661 1617 697 1674 ut
719 1601 783 1675 hoc
806 1601 930 1674 iudicio
956 1600 1136 1673 cuiuslibet
1161 1627 1253 1674 eom·

142 1714 344 1789 mitteretur:
375 1716 441 1788 nisi
466 1714 550 1790 lorte
575 1733 710 1816 propter
733 1716 871 1790 evidens
896 1733 929 1788 et
951 1715 1098 1788 subitum
1123 1715 1248 1815 pericu·

140 1825 228 1915 lum;
246 1845 283 1903 et
302 1829 380 1903 ideo
406 1829 482 1917 ille,
512 1829 570 1928 qui
597 1829 698 1904 habet
719 1857 833 1926 regere
858 1829 1127 1916 multitudinem,
1150 1829 1253 1903 habet

143 1958 338 2040 potestatem
355 1943 576 2042 dispensandi
591 1944 627 2016 in
644 1945 717 2043 lege
729 1944 896 2030 humana,
912 1971 999 2044 quae
1012 1971 1093 2018 suae
1111 1945 1253 2019 auctori·

145 2056 200 2129 tati
225 2058 401 2146 innititur,
421 2076 459 2132 ut
474 2058 604 2133 scilicet
616 2060 650 2131 in
664 2060 818 2160 personis
835 2059 887 2134 vel
906 2061 941 2131 in
954 2060 1109 2147 casibus,
1126 2061 1160 2132 in
1180 2061 1253 2160 qui·

146 2170 204 2247 ltus
217 2173 271 2248 lex
291 2174 426 2261 deficit,
448 2173 617 2249 licentiam
639 2176 780 2263 tribuat,
797 2189 834 2250 ut
852 2192 1065 2275 praeceptum
1079 2174 1164 2272 legis
1185 2201 1251 2249 non

147 2303 292 2361 servetur
322 2290 437 2384 (tati
460 2289 591 2362 Exinde
612 2289 783 2364 concludit
806 2316 835 2362 s.
853 2290 978 2363 doctor.
1010 2292 1076 2362 «ln
1095 2290 1168 2388 lege
1190 2291 1254 2364 hu·

149 2426 236 2476 nana
254 2402 393 2502 publica
409 2431 476 2479 uon
494 2423 604 2505 potest
624 2406 823 2507 dispensare
841 2406 906 2480 nisi
925 2406 981 2480 ille
999 2434 1019 2480 a
1036 2434 1104 2506 quo
1121 2407 1174 2480 lex
1191 2434 1253 2482 au·

152 2516 325 2591 ctoritatem
351 2517 474 2608 hahet,
492 2519 546 2594 uel
571 2521 623 2606 is,
652 2521 707 2594 cni
733 2522 808 2620 ipse
825 2510 1029 2595 commiserit
1057 2524 1177 2618 (llis

209 2636 370 2735 Insuper,
391 2636 587 2711 adversario
605 2638 680 2737 ipso
697 2638 838 2726 latente,
862 2639 1024 2714 iudicium
1042 2640 1252 2738 singulorum

154 2749 373 2850 cpiscoporum
406 2752 551 2827 admittit
582 2753 862 2852 appellationem;
891 2755 1058 2855 siquidem
1092 2782 1189 2830 nemo
1218 2755 1253 2828 in

155 2887 180 2934 te
201 2865 282 2938 tanti
309 2867 490 2955 momenti,
518 2893 558 2941 ex
585 2895 652 2967 qua
674 2896 794 2968 nempe
820 2871 942 2968 pendet
968 2870 1167 2944 sacramenti
1192 2895 1253 2942 va·

153 2972 208 3064 lor,
228 2997 341 3079 potest
366 2997 436 3055 tuto
459 2983 674 3082 acquiescere
696 2985 881 3056 sententiae
911 2984 1034 3057 iudicis
1053 2982 1249 3069 inferioris,

152 3093 251 3189 quisi
279 3095 365 3169 forte
388 3113 497 3183 erret,
523 3123 590 3171 nou
619 3115 732 3197 posset
756 3097 950 3172 auctoritate
980 3124 1042 3170 sua
1073 3097 1154 3170 vitio
1185 3121 1254 3196 quo

152 3205 221 3282 lorte
248 3209 420 3283 laboraret
446 3210 657 3312 dispensatio
683 3213 828 3298 mederi,
850 3213 1001 3312 adeoque
1027 3211 1166 3285 involvit
1195 3238 1255 3285 ne-
1331 3307 1337 3319 ι

150 3326 286 3397 ussarm
309 3351 414 3422 grave
435 3326 552 3400 saltem
575 3327 740 3401 nullitatis
762 3327 901 3400 dubium
925 3355 1006 3402 usus
1027 3328 1126 3402 istius
1149 3327 1255 3402 lacul-

151 3441 215 3512 tatis
239 3467 282 3513 ex
306 3456 401 3538 perte
426 3441 677 3542 episcoporum,
703 3443 760 3542 qui
782 3469 939 3542 suprema
967 3443 1164 3518 auctoritate
1187 3470 1254 3518 non

153 3550 294 3627 linuntur
318 3556 408 3649 (tt).

213 3671 278 3742 Sed
306 3672 398 3770 quod
424 3689 527 3769 ceput
551 3689 618 3757 est,
646 3689 762 3771 aperta
781 3673 887 3747 fronte
905 3673 1006 3748 huius
1031 3673 1178 3747 auctoris
1196 3698 1255 3773 sy-

155 3800 246 3858 stema
263 3786 410 3860 couoilio
431 3785 611 3861 tridentino
630 3787 847 3876 adversatur,
868 3788 931 3863 etsi
953 3789 1026 3862 eius
1053 3789 1183 3864 invocet
1199 3814 1257 3863 au·
1299 3887 1302 3895 Ι

211 4009 258 4070 (ts)
276 4018 297 4060 t.
311 4018 335 4060 t.
350 4024 376 4073 q.
389 4013 429 4060 97.
441 4023 479 4060 ar.
492 4015 516 4061 t.
531 4010 556 4061 in
570 4025 637 4075 corp.

213 4092 258 4147 tlt)
274 4089 337 4139 thid.
351 4090 376 4139 iu
391 4103 455 4152 resp.
469 4090 499 4139 ad
513 4098 535 4140 ³.

213 4170 259 4231 (ts)
273 4171 313 4220 ct.
324 4171 419 4222 ceruit.
435 4172 555 4223 trottato
568 4171 613 4222 del
627 4175 744 4224 motrtm.
760 4176 821 4237 part
835 4177 866 4226 tt.
879 4174 902 4238 §.
915 4179 939 4225 7.
