<?xml version="1.0" encoding="UTF-8"?>
<!DOCTYPE html PUBLIC "-//W3C//DTD XHTML 1.0 Transitional//EN"
    "http://www.w3.org/TR/xhtml1/DTD/xhtml1-transitional.dtd">
<html xmlns="http://www.w3.org/1999/xhtml" xml:lang="en" lang="en">
 <head>
  <title>
</title>
<meta http-equiv="Content-Type" content="text/html;charset=utf-8" />
  <meta name='ocr-system' content='tesseract 3.04.00' />
  <meta name='ocr-capabilities' content='ocr_page ocr_carea ocr_par ocr_line ocrx_word'/>
</head>
<body>
  <div class='ocr_page' id='page_1' title='image "./dematrimoniochr02perrgoog_0206.png"; bbox 0 0 2804 5062; ppageno 0'>
   <div class='ocr_carea' id='block_1_1' title="bbox 196 350 1253 428">
    <p class='ocr_par' dir='ltr' id='par_1_1' title="bbox 196 350 1253 428">
     <span class='ocr_line' id='line_1_1' title="bbox 196 350 1253 428; baseline 0.008 -13"><span class='ocrx_word' id='word_1_1' title='bbox 196 364 1129 428; x_wconf 61' lang='lat' dir='ltr'><strong>marinenra.masur..rnnsnvnncouesrnunrn.</strong></span> <span class='ocrx_word' id='word_1_2' title='bbox 1184 350 1253 423; x_wconf 62' lang='grc' dir='ltr'><strong>ἰοῦ</strong></span> 
     </span>
    </p>
   </div>
   <div class='ocr_carea' id='block_1_2' title="bbox 141 486 1263 4278">
    <p class='ocr_par' dir='ltr' id='par_1_2' title="bbox 144 486 1260 1948">
     <span class='ocr_line' id='line_1_2' title="bbox 214 486 1257 589; baseline 0.008 -31"><span class='ocrx_word' id='word_1_3' title='bbox 214 487 257 560; x_wconf 86' lang='lat' dir='ltr'><strong>Et</strong></span> <span class='ocrx_word' id='word_1_4' title='bbox 280 486 346 561; x_wconf 90' lang='lat' dir='ltr'><strong>hoc</strong></span> <span class='ocrx_word' id='word_1_5' title='bbox 370 486 508 587; x_wconf 89' lang='lat' dir='ltr'><strong>quidem</strong></span> <span class='ocrx_word' id='word_1_6' title='bbox 531 487 567 561; x_wconf 95' lang='lat' dir='ltr'><strong>in</strong></span> <span class='ocrx_word' id='word_1_7' title='bbox 587 488 783 562; x_wconf 83' lang='lat' dir='ltr'><strong>universum</strong></span> <span class='ocrx_word' id='word_1_8' title='bbox 800 487 913 588; x_wconf 70' lang='lat' dir='ltr'><strong>quoad</strong></span> <span class='ocrx_word' id='word_1_9' title='bbox 936 488 1177 589; x_wconf 86' lang='lat' dir='ltr'><strong>impedimenta</strong></span> <span class='ocrx_word' id='word_1_10' title='bbox 1201 518 1257 566; x_wconf 87' lang='lat' dir='ltr'><strong>ee·</strong></span> 
     </span>
     <span class='ocr_line' id='line_1_3' title="bbox 151 602 1260 702; baseline 0.004 -24"><span class='ocrx_word' id='word_1_11' title='bbox 151 602 332 678; x_wconf 84' lang='lat' dir='ltr'><strong>clesiastica</strong></span> <span class='ocrx_word' id='word_1_12' title='bbox 355 629 408 677; x_wconf 85' lang='lat' dir='ltr'><strong>er.</strong></span> <span class='ocrx_word' id='word_1_13' title='bbox 430 630 480 701; x_wconf 81' lang='lat' dir='ltr'><strong>gr.</strong></span> <span class='ocrx_word' id='word_1_14' title='bbox 502 602 674 692; x_wconf 91' lang='lat' dir='ltr'><strong>criminis,</strong></span> <span class='ocrx_word' id='word_1_15' title='bbox 698 603 908 702; x_wconf 71' lang='lat' dir='ltr'>disparitatis</span> <span class='ocrx_word' id='word_1_16' title='bbox 934 604 1066 693; x_wconf 86' lang='lat' dir='ltr'><strong>cultus,</strong></span> <span class='ocrx_word' id='word_1_17' title='bbox 1087 606 1260 702; x_wconf 72' lang='lat' dir='ltr'><strong>mgnatlo·</strong></span> 
     </span>
     <span class='ocr_line' id='line_1_4' title="bbox 148 718 1260 825; baseline 0.001 -32"><span class='ocrx_word' id='word_1_18' title='bbox 148 719 194 793; x_wconf 86' lang='lat' dir='ltr'><strong>nis</strong></span> <span class='ocrx_word' id='word_1_19' title='bbox 215 718 428 818; x_wconf 86' lang='lat' dir='ltr'><strong>spiritualis,</strong></span> <span class='ocrx_word' id='word_1_20' title='bbox 453 719 651 808; x_wconf 82' lang='lat' dir='ltr'><strong>affinitatis,</strong></span> <span class='ocrx_word' id='word_1_21' title='bbox 674 719 977 825; x_wconf 72' lang='lat' dir='ltr'><strong>eonnngniuitetie</strong></span> <span class='ocrx_word' id='word_1_22' title='bbox 995 721 1108 820; x_wconf 81' lang='lat' dir='ltr'><strong>quoad</strong></span> <span class='ocrx_word' id='word_1_23' title='bbox 1129 720 1260 822; x_wconf 79' lang='lat' dir='ltr'><strong>aliquot</strong></span> 
     </span>
     <span class='ocr_line' id='line_1_5' title="bbox 146 835 1255 938; baseline 0.002 -28"><span class='ocrx_word' id='word_1_24' title='bbox 146 835 289 934; x_wconf 78' lang='lat' dir='ltr'><strong>gradus,</strong></span> <span class='ocrx_word' id='word_1_25' title='bbox 309 862 391 911; x_wconf 80' lang='lat' dir='ltr'><strong>cum</strong></span> <span class='ocrx_word' id='word_1_26' title='bbox 412 835 539 936; x_wconf 71' lang='lat' dir='ltr'><strong>quibus</strong></span> <span class='ocrx_word' id='word_1_27' title='bbox 559 836 591 912; x_wconf 84' lang='lat' dir='ltr'><strong>si</strong></span> <span class='ocrx_word' id='word_1_28' title='bbox 608 836 914 938; x_wconf 82' lang='lat' dir='ltr'><strong>qna&#39;matrimonia</strong></span> <span class='ocrx_word' id='word_1_29' title='bbox 935 837 1050 911; x_wconf 89' lang='lat' dir='ltr'><strong>ineant</strong></span> <span class='ocrx_word' id='word_1_30' title='bbox 1074 838 1255 928; x_wconf 90' lang='lat' dir='ltr'><strong>haeretici,</strong></span> 
     </span>
     <span class='ocr_line' id='line_1_6' title="bbox 146 951 1259 1052; baseline 0.001 -26"><span class='ocrx_word' id='word_1_31' title='bbox 146 951 307 1026; x_wconf 74' lang='lat' dir='ltr'><strong>u‘dictis</strong></span> <span class='ocrx_word' id='word_1_32' title='bbox 333 979 456 1052; x_wconf 83' lang='lat' dir='ltr'><strong>perse</strong></span> <span class='ocrx_word' id='word_1_33' title='bbox 480 969 559 1028; x_wconf 85' lang='lat' dir='ltr'><strong>sunt</strong></span> <span class='ocrx_word' id='word_1_34' title='bbox 585 980 723 1052; x_wconf 88' lang='lat' dir='ltr'><strong>prorsus</strong></span> <span class='ocrx_word' id='word_1_35' title='bbox 745 953 841 1027; x_wconf 89' lang='lat' dir='ltr'><strong>irrita</strong></span> <span class='ocrx_word' id='word_1_36' title='bbox 867 979 907 1028; x_wconf 90' lang='lat' dir='ltr'><strong>ac</strong></span> <span class='ocrx_word' id='word_1_37' title='bbox 933 952 1043 1042; x_wconf 91' lang='lat' dir='ltr'><strong>nulla,</strong></span> <span class='ocrx_word' id='word_1_38' title='bbox 1072 954 1151 1029; x_wconf 91' lang='lat' dir='ltr'><strong>licet</strong></span> <span class='ocrx_word' id='word_1_39' title='bbox 1178 981 1259 1029; x_wconf 89' lang='lat' dir='ltr'><strong>eon-</strong></span> 
     </span>
     <span class='ocr_line' id='line_1_7' title="bbox 145 1067 1254 1168; baseline 0.003 -28"><span class='ocrx_word' id='word_1_40' title='bbox 145 1067 283 1141; x_wconf 83' lang='lat' dir='ltr'><strong>suetudo</strong></span> <span class='ocrx_word' id='word_1_41' title='bbox 314 1069 480 1142; x_wconf 88' lang='lat' dir='ltr'><strong>eiusmodi</strong></span> <span class='ocrx_word' id='word_1_42' title='bbox 511 1069 667 1166; x_wconf 81' lang='lat' dir='ltr'><strong>coniugia</strong></span> <span class='ocrx_word' id='word_1_43' title='bbox 691 1068 830 1142; x_wconf 89' lang='lat' dir='ltr'><strong>ineundi</strong></span> <span class='ocrx_word' id='word_1_44' title='bbox 860 1069 950 1168; x_wconf 90' lang='lat' dir='ltr'><strong>apud</strong></span> <span class='ocrx_word' id='word_1_45' title='bbox 979 1094 1037 1142; x_wconf 89' lang='lat' dir='ltr'><strong>eos</strong></span> <span class='ocrx_word' id='word_1_46' title='bbox 1063 1068 1254 1143; x_wconf 81' lang='lat' dir='ltr'><strong>invaluerit.</strong></span> 
     </span>
     <span class='ocr_line' id='line_1_8' title="bbox 144 1181 1257 1284; baseline 0.004 -31"><span class='ocrx_word' id='word_1_47' title='bbox 144 1183 222 1256; x_wconf 87' lang='lat' dir='ltr'><strong>llam</strong></span> <span class='ocrx_word' id='word_1_48' title='bbox 248 1181 347 1257; x_wconf 85' lang='lat' dir='ltr'><strong>nulla</strong></span> <span class='ocrx_word' id='word_1_49' title='bbox 364 1184 591 1272; x_wconf 82' lang='lat' dir='ltr'><strong>consuetudo,</strong></span> <span class='ocrx_word' id='word_1_50' title='bbox 615 1210 704 1284; x_wconf 85' lang='lat' dir='ltr'><strong>quae</strong></span> <span class='ocrx_word' id='word_1_51' title='bbox 727 1184 848 1258; x_wconf 86' lang='lat' dir='ltr'><strong>virtute</strong></span> <span class='ocrx_word' id='word_1_52' title='bbox 868 1184 1004 1283; x_wconf 90' lang='lat' dir='ltr'><strong>propria</strong></span> <span class='ocrx_word' id='word_1_53' title='bbox 1019 1185 1132 1259; x_wconf 74' lang='lat' dir='ltr'><strong>vincat</strong></span> <span class='ocrx_word' id='word_1_54' title='bbox 1149 1185 1257 1284; x_wconf 83' lang='lat' dir='ltr'><strong>legem</strong></span> 
     </span>
     <span class='ocr_line' id='line_1_9' title="bbox 144 1295 1258 1400; baseline 0.004 -31"><span class='ocrx_word' id='word_1_55' title='bbox 144 1295 303 1386; x_wconf 85' lang='lat' dir='ltr'><strong>babetur,</strong></span> <span class='ocrx_word' id='word_1_56' title='bbox 331 1298 400 1372; x_wconf 91' lang='lat' dir='ltr'><strong>nisi</strong></span> <span class='ocrx_word' id='word_1_57' title='bbox 421 1297 559 1374; x_wconf 76' lang='lat' dir='ltr'><strong>accedat</strong></span> <span class='ocrx_word' id='word_1_58' title='bbox 584 1299 706 1373; x_wconf 85' lang='lat' dir='ltr'><strong>tacitus</strong></span> <span class='ocrx_word' id='word_1_59' title='bbox 733 1297 854 1372; x_wconf 87' lang='lat' dir='ltr'><strong>saltem</strong></span> <span class='ocrx_word' id='word_1_60' title='bbox 872 1317 931 1372; x_wconf 91' lang='lat' dir='ltr'><strong>aut</strong></span> <span class='ocrx_word' id='word_1_61' title='bbox 956 1306 1195 1400; x_wconf 84' lang='lat' dir='ltr'><strong>praesumptus</strong></span> <span class='ocrx_word' id='word_1_62' title='bbox 1211 1300 1258 1373; x_wconf 69' lang='lat' dir='ltr'><strong>le</strong></span> 
     </span>
     <span class='ocr_line' id='line_1_10' title="bbox 144 1412 1258 1516; baseline 0.001 -30"><span class='ocrx_word' id='word_1_63' title='bbox 144 1412 312 1510; x_wconf 83' lang='lat' dir='ltr'><strong>gislatoris</strong></span> <span class='ocrx_word' id='word_1_64' title='bbox 334 1440 542 1503; x_wconf 85' lang='lat' dir='ltr'><strong>consensus,</strong></span> <span class='ocrx_word' id='word_1_65' title='bbox 562 1416 623 1516; x_wconf 94' lang='lat' dir='ltr'><strong>qui</strong></span> <span class='ocrx_word' id='word_1_66' title='bbox 645 1416 682 1487; x_wconf 93' lang='lat' dir='ltr'><strong>in</strong></span> <span class='ocrx_word' id='word_1_67' title='bbox 708 1440 792 1490; x_wconf 89' lang='lat' dir='ltr'><strong>casu</strong></span> <span class='ocrx_word' id='word_1_68' title='bbox 812 1423 931 1490; x_wconf 78' lang='lat' dir='ltr'><strong>‘nostro</strong></span> <span class='ocrx_word' id='word_1_69' title='bbox 956 1414 1149 1489; x_wconf 88' lang='lat' dir='ltr'><strong>nullatanus</strong></span> <span class='ocrx_word' id='word_1_70' title='bbox 1173 1415 1258 1515; x_wconf 81' lang='lat' dir='ltr'><strong>fingi</strong></span> 
     </span>
     <span class='ocr_line' id='line_1_11' title="bbox 144 1529 1259 1627; baseline 0.003 -25"><span class='ocrx_word' id='word_1_71' title='bbox 144 1544 271 1627; x_wconf 84' lang='lat' dir='ltr'><strong>potest,</strong></span> <span class='ocrx_word' id='word_1_72' title='bbox 300 1555 378 1604; x_wconf 92' lang='lat' dir='ltr'><strong>cum</strong></span> <span class='ocrx_word' id='word_1_73' title='bbox 404 1530 548 1605; x_wconf 88' lang='lat' dir='ltr'><strong>ecclesia</strong></span> <span class='ocrx_word' id='word_1_74' title='bbox 572 1530 658 1604; x_wconf 92' lang='lat' dir='ltr'><strong>nolit</strong></span> <span class='ocrx_word' id='word_1_75' title='bbox 684 1529 851 1605; x_wconf 89' lang='lat' dir='ltr'><strong>eiusmodi</strong></span> <span class='ocrx_word' id='word_1_76' title='bbox 881 1556 1083 1604; x_wconf 91' lang='lat' dir='ltr'><strong>consensum</strong></span> <span class='ocrx_word' id='word_1_77' title='bbox 1114 1531 1259 1605; x_wconf 71' lang='lat' dir='ltr'><strong>haereti·-</strong></span> 
     </span>
     <span class='ocr_line' id='line_1_12' title="bbox 146 1646 1258 1748; baseline 0.003 -30"><span class='ocrx_word' id='word_1_78' title='bbox 146 1669 255 1718; x_wconf 89' lang='lat' dir='ltr'><strong>corum</strong></span> <span class='ocrx_word' id='word_1_79' title='bbox 281 1646 516 1721; x_wconf 85' lang='lat' dir='ltr'><strong>consuetudini</strong></span> <span class='ocrx_word' id='word_1_80' title='bbox 545 1646 730 1748; x_wconf 87' lang='lat' dir='ltr'><strong>praebere,</strong></span> <span class='ocrx_word' id='word_1_81' title='bbox 762 1672 803 1720; x_wconf 89' lang='lat' dir='ltr'><strong>eo</strong></span> <span class='ocrx_word' id='word_1_82' title='bbox 831 1646 908 1746; x_wconf 91' lang='lat' dir='ltr'><strong>ipso</strong></span> <span class='ocrx_word' id='word_1_83' title='bbox 933 1646 1025 1746; x_wconf 91' lang='lat' dir='ltr'><strong>quod</strong></span> <span class='ocrx_word' id='word_1_84' title='bbox 1054 1647 1085 1720; x_wconf 87' lang='lat' dir='ltr'><strong>ei</strong></span> <span class='ocrx_word' id='word_1_85' title='bbox 1115 1646 1258 1721; x_wconf 76' lang='lat' dir='ltr'><strong>rebelles</strong></span> 
     </span>
     <span class='ocr_line' id='line_1_13' title="bbox 145 1759 1259 1862; baseline 0.004 -30"><span class='ocrx_word' id='word_1_86' title='bbox 145 1759 230 1846; x_wconf 87' lang='lat' dir='ltr'><strong>sint,</strong></span> <span class='ocrx_word' id='word_1_87' title='bbox 261 1771 332 1833; x_wconf 86' lang='lat' dir='ltr'><strong>aut</strong></span> <span class='ocrx_word' id='word_1_88' title='bbox 345 1760 509 1835; x_wconf 83' lang='lat' dir='ltr'><strong>exhibere</strong></span> <span class='ocrx_word' id='word_1_89' title='bbox 529 1761 594 1836; x_wconf 87' lang='lat' dir='ltr'><strong>h&#39;ac</strong></span> <span class='ocrx_word' id='word_1_90' title='bbox 619 1763 655 1833; x_wconf 93' lang='lat' dir='ltr'><strong>iu</strong></span> <span class='ocrx_word' id='word_1_91' title='bbox 681 1761 889 1835; x_wconf 70' lang='lat' dir='ltr'><strong>relatorem</strong></span> <span class='ocrx_word' id='word_1_92' title='bbox 915 1767 1015 1862; x_wconf 91' lang='lat' dir='ltr'><strong>quem</strong></span> <span class='ocrx_word' id='word_1_93' title='bbox 1041 1760 1259 1836; x_wconf 84' lang='lat' dir='ltr'><strong>nullomodo</strong></span> 
     </span>
     <span class='ocr_line' id='line_1_14' title="bbox 147 1891 323 1948; baseline 0 -2"><span class='ocrx_word' id='word_1_94' title='bbox 147 1891 323 1948; x_wconf 89' lang='lat' dir='ltr'><strong>merentur.</strong></span> 
     </span>
    </p>

    <p class='ocr_par' dir='ltr' id='par_1_3' title="bbox 144 1990 1263 3588">
     <span class='ocr_line' id='line_1_15' title="bbox 215 1990 1259 2092; baseline 0.002 -31"><span class='ocrx_word' id='word_1_95' title='bbox 215 1990 325 2090; x_wconf 90' lang='lat' dir='ltr'><strong>quue</strong></span> <span class='ocrx_word' id='word_1_96' title='bbox 350 1990 567 2066; x_wconf 86' lang='lat' dir='ltr'><strong>confirmatur</strong></span> <span class='ocrx_word' id='word_1_97' title='bbox 596 2017 637 2066; x_wconf 85' lang='lat' dir='ltr'><strong>ex</strong></span> <span class='ocrx_word' id='word_1_98' title='bbox 663 1990 830 2092; x_wconf 88' lang='lat' dir='ltr'><strong>principio</strong></span> <span class='ocrx_word' id='word_1_99' title='bbox 860 1991 1020 2090; x_wconf 88' lang='lat' dir='ltr'><strong>adoptato</strong></span> <span class='ocrx_word' id='word_1_100' title='bbox 1050 2016 1090 2063; x_wconf 87' lang='lat' dir='ltr'><strong>ex</strong></span> <span class='ocrx_word' id='word_1_101' title='bbox 1107 1990 1259 2090; x_wconf 83' lang='lat' dir='ltr'><strong>&#39;antiquo</strong></span> 
     </span>
     <span class='ocr_line' id='line_1_16' title="bbox 150 2103 1257 2208; baseline 0.005 -33"><span class='ocrx_word' id='word_1_102' title='bbox 150 2103 255 2179; x_wconf 89' lang='lat' dir='ltr'><strong>iurea</strong></span> <span class='ocrx_word' id='word_1_103' title='bbox 277 2105 422 2181; x_wconf 86' lang='lat' dir='ltr'><strong>concilio</strong></span> <span class='ocrx_word' id='word_1_104' title='bbox 447 2107 649 2195; x_wconf 87' lang='lat' dir='ltr'><strong>tridentino,</strong></span> <span class='ocrx_word' id='word_1_105' title='bbox 674 2108 765 2208; x_wconf 93' lang='lat' dir='ltr'><strong>quod</strong></span> <span class='ocrx_word' id='word_1_106' title='bbox 791 2133 895 2205; x_wconf 80' lang='lat' dir='ltr'><strong>agens</strong></span> <span class='ocrx_word' id='word_1_107' title='bbox 920 2106 962 2180; x_wconf 98' lang='lat' dir='ltr'><strong>de</strong></span> <span class='ocrx_word' id='word_1_108' title='bbox 986 2106 1056 2195; x_wconf 91' lang='lat' dir='ltr'><strong>iis,</strong></span> <span class='ocrx_word' id='word_1_109' title='bbox 1080 2106 1139 2206; x_wconf 94' lang='lat' dir='ltr'><strong>qui</strong></span> <span class='ocrx_word' id='word_1_110' title='bbox 1164 2107 1257 2204; x_wconf 84' lang='lat' dir='ltr'><strong>igno·</strong></span> 
     </span>
     <span class='ocr_line' id='line_1_17' title="bbox 148 2223 1260 2324; baseline 0.002 -29"><span class='ocrx_word' id='word_1_111' title='bbox 148 2239 253 2298; x_wconf 85' lang='lat' dir='ltr'><strong>rantes</strong></span> <span class='ocrx_word' id='word_1_112' title='bbox 278 2223 581 2322; x_wconf 78' lang='lat' dir='ltr'><strong>impedimentum,</strong></span> <span class='ocrx_word' id='word_1_113' title='bbox 599 2224 676 2298; x_wconf 89' lang='lat' dir='ltr'><strong>sine</strong></span> <span class='ocrx_word' id='word_1_114' title='bbox 693 2224 819 2299; x_wconf 89' lang='lat' dir='ltr'><strong>debitis</strong></span> <span class='ocrx_word' id='word_1_115' title='bbox 836 2223 1156 2324; x_wconf 82' lang='lat' dir='ltr'><strong>proclamationibus</strong></span> <span class='ocrx_word' id='word_1_116' title='bbox 1178 2225 1260 2297; x_wconf 81' lang='lat' dir='ltr'><strong>coit·-</strong></span> 
     </span>
     <span class='ocr_line' id='line_1_18' title="bbox 149 2337 1257 2437; baseline 0.004 -29"><span class='ocrx_word' id='word_1_117' title='bbox 149 2337 274 2436; x_wconf 80' lang='lat' dir='ltr'><strong>iugium</strong></span> <span class='ocrx_word' id='word_1_118' title='bbox 300 2366 378 2413; x_wconf 91' lang='lat' dir='ltr'><strong>cum</strong></span> <span class='ocrx_word' id='word_1_119' title='bbox 399 2366 440 2415; x_wconf 87' lang='lat' dir='ltr'><strong>eo</strong></span> <span class='ocrx_word' id='word_1_120' title='bbox 460 2340 662 2415; x_wconf 88' lang='lat' dir='ltr'><strong>contrahunt</strong></span> <span class='ocrx_word' id='word_1_121' title='bbox 691 2342 761 2416; x_wconf 90' lang='lat' dir='ltr'><strong>ait:</strong></span> <span class='ocrx_word' id='word_1_122' title='bbox 794 2366 893 2415; x_wconf 77' lang='lat' dir='ltr'><strong>anon</strong></span> <span class='ocrx_word' id='word_1_123' title='bbox 920 2341 1011 2414; x_wconf 93' lang='lat' dir='ltr'><strong>enim</strong></span> <span class='ocrx_word' id='word_1_124' title='bbox 1037 2339 1162 2437; x_wconf 82' lang='lat' dir='ltr'><strong>dignus</strong></span> <span class='ocrx_word' id='word_1_125' title='bbox 1185 2353 1257 2427; x_wconf 84' lang='lat' dir='ltr'><strong>est,</strong></span> 
     </span>
     <span class='ocr_line' id='line_1_19' title="bbox 148 2454 1259 2556; baseline 0.001 -29"><span class='ocrx_word' id='word_1_126' title='bbox 148 2455 201 2553; x_wconf 90' lang='lat' dir='ltr'><strong>qui</strong></span> <span class='ocrx_word' id='word_1_127' title='bbox 225 2456 393 2530; x_wconf 86' lang='lat' dir='ltr'><strong>ecclesiae</strong></span> <span class='ocrx_word' id='word_1_128' title='bbox 418 2457 659 2555; x_wconf 77' lang='lat' dir='ltr'><strong>benignitatem</strong></span> <span class='ocrx_word' id='word_1_129' title='bbox 686 2456 784 2531; x_wconf 89' lang='lat' dir='ltr'><strong>lecile</strong></span> <span class='ocrx_word' id='word_1_130' title='bbox 808 2457 1015 2556; x_wconf 84' lang='lat' dir='ltr'><strong>experiatur,</strong></span> <span class='ocrx_word' id='word_1_131' title='bbox 1043 2456 1151 2529; x_wconf 89' lang='lat' dir='ltr'><strong>cuius</strong></span> <span class='ocrx_word' id='word_1_132' title='bbox 1166 2454 1259 2528; x_wconf 91' lang='lat' dir='ltr'><strong>salu·</strong></span> 
     </span>
     <span class='ocr_line' id='line_1_20' title="bbox 146 2567 1260 2672; baseline 0.001 -30"><span class='ocrx_word' id='word_1_133' title='bbox 146 2567 214 2644; x_wconf 86' lang='lat' dir='ltr'><strong>bria</strong></span> <span class='ocrx_word' id='word_1_134' title='bbox 231 2588 414 2672; x_wconf 86' lang='lat' dir='ltr'><strong>praecepta</strong></span> <span class='ocrx_word' id='word_1_135' title='bbox 440 2589 564 2648; x_wconf 90' lang='lat' dir='ltr'><strong>temere</strong></span> <span class='ocrx_word' id='word_1_136' title='bbox 589 2573 790 2672; x_wconf 88' lang='lat' dir='ltr'><strong>contempsit</strong></span> <span class='ocrx_word' id='word_1_137' title='bbox 812 2576 904 2669; x_wconf 75' lang='lat' dir='ltr'><strong>(blo</strong></span> <span class='ocrx_word' id='word_1_138' title='bbox 934 2569 1037 2645; x_wconf 83' lang='lat' dir='ltr'><strong>Multo</strong></span> <span class='ocrx_word' id='word_1_139' title='bbox 1061 2571 1164 2669; x_wconf 81' lang='lat' dir='ltr'><strong>igitur</strong></span> <span class='ocrx_word' id='word_1_140' title='bbox 1187 2595 1260 2644; x_wconf 73' lang='lat' dir='ltr'><strong>ma-</strong></span> 
     </span>
     <span class='ocr_line' id='line_1_21' title="bbox 145 2684 1260 2787; baseline 0 -29"><span class='ocrx_word' id='word_1_141' title='bbox 145 2684 192 2781; x_wconf 76' lang='lat' dir='ltr'><strong>gis</strong></span> <span class='ocrx_word' id='word_1_142' title='bbox 209 2685 417 2786; x_wconf 92' lang='lat' dir='ltr'><strong>principium</strong></span> <span class='ocrx_word' id='word_1_143' title='bbox 435 2687 525 2761; x_wconf 88' lang='lat' dir='ltr'><strong>istud</strong></span> <span class='ocrx_word' id='word_1_144' title='bbox 546 2686 636 2761; x_wconf 78' lang='lat' dir='ltr'><strong>valet</strong></span> <span class='ocrx_word' id='word_1_145' title='bbox 652 2684 764 2787; x_wconf 89' lang='lat' dir='ltr'><strong>quoad</strong></span> <span class='ocrx_word' id='word_1_146' title='bbox 779 2685 986 2774; x_wconf 86' lang='lat' dir='ltr'><strong>haereticos,</strong></span> <span class='ocrx_word' id='word_1_147' title='bbox 1008 2685 1066 2786; x_wconf 91' lang='lat' dir='ltr'><strong>qui</strong></span> <span class='ocrx_word' id='word_1_148' title='bbox 1086 2685 1260 2785; x_wconf 84' lang='lat' dir='ltr'><strong>omniqua</strong></span> 
     </span>
     <span class='ocr_line' id='line_1_22' title="bbox 146 2798 1260 2901; baseline -0.001 -28"><span class='ocrx_word' id='word_1_149' title='bbox 146 2815 286 2897; x_wconf 92' lang='lat' dir='ltr'><strong>possunt</strong></span> <span class='ocrx_word' id='word_1_150' title='bbox 319 2801 448 2876; x_wconf 89' lang='lat' dir='ltr'><strong>ratione</strong></span> <span class='ocrx_word' id='word_1_151' title='bbox 477 2801 674 2876; x_wconf 83' lang='lat' dir='ltr'><strong>adnituntur</strong></span> <span class='ocrx_word' id='word_1_152' title='bbox 707 2798 884 2874; x_wconf 88' lang='lat' dir='ltr'><strong>ecclesiam</strong></span> <span class='ocrx_word' id='word_1_153' title='bbox 913 2800 1034 2901; x_wconf 85' lang='lat' dir='ltr'><strong>queris</strong></span> <span class='ocrx_word' id='word_1_154' title='bbox 1063 2799 1260 2874; x_wconf 82' lang='lat' dir='ltr'><strong>auctoritate</strong></span> 
     </span>
     <span class='ocr_line' id='line_1_23' title="bbox 146 2911 1262 3016; baseline 0.002 -31"><span class='ocrx_word' id='word_1_155' title='bbox 146 2911 346 3001; x_wconf 86' lang='lat' dir='ltr'><strong>destituere,</strong></span> <span class='ocrx_word' id='word_1_156' title='bbox 375 2930 478 3016; x_wconf 88' lang='lat' dir='ltr'><strong>atque</strong></span> <span class='ocrx_word' id='word_1_157' title='bbox 508 2941 582 2991; x_wconf 88' lang='lat' dir='ltr'><strong>eam</strong></span> <span class='ocrx_word' id='word_1_158' title='bbox 608 2915 746 2990; x_wconf 86' lang='lat' dir='ltr'><strong>omnino</strong></span> <span class='ocrx_word' id='word_1_159' title='bbox 773 2925 933 2989; x_wconf 77' lang='lat' dir='ltr'><strong>euertere.</strong></span> <span class='ocrx_word' id='word_1_160' title='bbox 961 2916 1046 2987; x_wconf 89' lang='lat' dir='ltr'><strong>ltem</strong></span> <span class='ocrx_word' id='word_1_161' title='bbox 1064 2940 1139 3014; x_wconf 84' lang='lat' dir='ltr'><strong>cap.</strong></span> <span class='ocrx_word' id='word_1_162' title='bbox 1167 2912 1262 2999; x_wconf 84' lang='lat' dir='ltr'><strong>Quod</strong></span> 
     </span>
     <span class='ocr_line' id='line_1_24' title="bbox 147 3028 1263 3130; baseline 0.001 -30"><span class='ocrx_word' id='word_1_163' title='bbox 147 3053 252 3126; x_wconf 79' lang='lat' dir='ltr'><strong>super.</strong></span> <span class='ocrx_word' id='word_1_164' title='bbox 280 3028 320 3102; x_wconf 82' lang='lat' dir='ltr'><strong>dc</strong></span> <span class='ocrx_word' id='word_1_165' title='bbox 342 3032 556 3129; x_wconf 73' lang='lat' dir='ltr'><strong>coneonpuiu.</strong></span> <span class='ocrx_word' id='word_1_166' title='bbox 585 3029 808 3130; x_wconf 90' lang='lat' dir='ltr'><strong>quorumdam</strong></span> <span class='ocrx_word' id='word_1_167' title='bbox 828 3028 1043 3103; x_wconf 86' lang='lat' dir='ltr'><strong>matrimonia</strong></span> <span class='ocrx_word' id='word_1_168' title='bbox 1073 3029 1163 3101; x_wconf 88' lang='lat' dir='ltr'><strong>intra</strong></span> <span class='ocrx_word' id='word_1_169' title='bbox 1186 3034 1263 3125; x_wconf 83' lang='lat' dir='ltr'><strong>gra·</strong></span> 
     </span>
     <span class='ocr_line' id='line_1_25' title="bbox 146 3141 1262 3243; baseline -0.002 -29"><span class='ocrx_word' id='word_1_170' title='bbox 146 3141 204 3217; x_wconf 90' lang='lat' dir='ltr'><strong>dus</strong></span> <span class='ocrx_word' id='word_1_171' title='bbox 231 3142 426 3243; x_wconf 91' lang='lat' dir='ltr'><strong>prohibitos</strong></span> <span class='ocrx_word' id='word_1_172' title='bbox 459 3144 655 3217; x_wconf 86' lang='lat' dir='ltr'><strong>inhibentur</strong></span> <span class='ocrx_word' id='word_1_173' title='bbox 685 3171 761 3218; x_wconf 92' lang='lat' dir='ltr'><strong>cum</strong></span> <span class='ocrx_word' id='word_1_174' title='bbox 793 3170 955 3243; x_wconf 80' lang='lat' dir='ltr'><strong>expressa</strong></span> <span class='ocrx_word' id='word_1_175' title='bbox 987 3141 1162 3216; x_wconf 87' lang='lat' dir='ltr'><strong>clausula:</strong></span> <span class='ocrx_word' id='word_1_176' title='bbox 1196 3168 1262 3213; x_wconf 83' lang='lat' dir='ltr'><strong>non</strong></span> 
     </span>
     <span class='ocr_line' id='line_1_26' title="bbox 147 3255 1259 3357; baseline -0.001 -28"><span class='ocrx_word' id='word_1_177' title='bbox 147 3257 291 3330; x_wconf 79' lang='lat' dir='ltr'><strong>obstante</strong></span> <span class='ocrx_word' id='word_1_178' title='bbox 310 3258 539 3331; x_wconf 79' lang='lat' dir='ltr'><strong>consuetudine</strong></span> <span class='ocrx_word' id='word_1_179' title='bbox 567 3283 649 3357; x_wconf 82' lang='lat' dir='ltr'><strong>quoe</strong></span> <span class='ocrx_word' id='word_1_180' title='bbox 674 3257 813 3331; x_wconf 82' lang='lat' dir='ltr'><strong>dicendo</strong></span> <span class='ocrx_word' id='word_1_181' title='bbox 846 3274 893 3330; x_wconf 87' lang='lat' dir='ltr'><strong>est</strong></span> <span class='ocrx_word' id='word_1_182' title='bbox 912 3260 1024 3356; x_wconf 77' lang='lat' dir='ltr'><strong>potios</strong></span> <span class='ocrx_word' id='word_1_183' title='bbox 1051 3255 1259 3354; x_wconf 69' lang='lat' dir='ltr'><strong>compulo,</strong></span> 
     </span>
     <span class='ocr_line' id='line_1_27' title="bbox 145 3369 1261 3473; baseline -0.001 -28"><span class='ocrx_word' id='word_1_184' title='bbox 145 3373 265 3470; x_wconf 90' lang='lat' dir='ltr'><strong>potiori</strong></span> <span class='ocrx_word' id='word_1_185' title='bbox 288 3373 431 3473; x_wconf 89' lang='lat' dir='ltr'><strong>proinde</strong></span> <span class='ocrx_word' id='word_1_186' title='bbox 458 3373 531 3446; x_wconf 88' lang='lat' dir='ltr'><strong>iure</strong></span> <span class='ocrx_word' id='word_1_187' title='bbox 551 3372 797 3447; x_wconf 88' lang='lat' dir='ltr'><strong>haereticorum</strong></span> <span class='ocrx_word' id='word_1_188' title='bbox 816 3370 1076 3446; x_wconf 88' lang='lat' dir='ltr'><strong>consuetudines</strong></span> <span class='ocrx_word' id='word_1_189' title='bbox 1097 3369 1261 3445; x_wconf 88' lang='lat' dir='ltr'><strong>ecelesiae</strong></span> 
     </span>
     <span class='ocr_line' id='line_1_28' title="bbox 144 3486 1108 3588; baseline 0 -30"><span class='ocrx_word' id='word_1_190' title='bbox 144 3486 274 3586; x_wconf 77' lang='lat' dir='ltr'><strong>legibus</strong></span> <span class='ocrx_word' id='word_1_191' title='bbox 300 3487 518 3563; x_wconf 87' lang='lat' dir='ltr'><strong>adversantes</strong></span> <span class='ocrx_word' id='word_1_192' title='bbox 542 3488 742 3588; x_wconf 81' lang='lat' dir='ltr'><strong>corruptelae</strong></span> <span class='ocrx_word' id='word_1_193' title='bbox 767 3487 834 3563; x_wconf 89' lang='lat' dir='ltr'><strong>dici</strong></span> <span class='ocrx_word' id='word_1_194' title='bbox 856 3486 990 3562; x_wconf 91' lang='lat' dir='ltr'><strong>debent.</strong></span> <span class='ocrx_word' id='word_1_195' title='bbox 1107 3579 1108 3582; x_wconf 8' lang='grc' dir='ltr'><strong>Ἴ</strong></span> 
     </span>
    </p>

    <p class='ocr_par' dir='ltr' id='par_1_4' title="bbox 141 3601 1263 4278">
     <span class='ocr_line' id='line_1_29' title="bbox 212 3601 1262 3705; baseline -0.002 -30"><span class='ocrx_word' id='word_1_196' title='bbox 212 3605 332 3703; x_wconf 88' lang='lat' dir='ltr'><strong>Neque</strong></span> <span class='ocrx_word' id='word_1_197' title='bbox 357 3604 523 3704; x_wconf 92' lang='lat' dir='ltr'><strong>estquod</strong></span> <span class='ocrx_word' id='word_1_198' title='bbox 548 3605 730 3705; x_wconf 87' lang='lat' dir='ltr'><strong>quisquam</strong></span> <span class='ocrx_word' id='word_1_199' title='bbox 757 3618 897 3704; x_wconf 88' lang='lat' dir='ltr'><strong>reponat</strong></span> <span class='ocrx_word' id='word_1_200' title='bbox 921 3601 1090 3677; x_wconf 89' lang='lat' dir='ltr'><strong>eiusmodi</strong></span> <span class='ocrx_word' id='word_1_201' title='bbox 1116 3601 1262 3676; x_wconf 87' lang='lat' dir='ltr'><strong>haereti-</strong></span> 
     </span>
     <span class='ocr_line' id='line_1_30' title="bbox 144 3713 1260 3814; baseline -0.005 -23"><span class='ocrx_word' id='word_1_202' title='bbox 144 3743 259 3791; x_wconf 91' lang='lat' dir='ltr'><strong>corum</strong></span> <span class='ocrx_word' id='word_1_203' title='bbox 283 3717 454 3790; x_wconf 88' lang='lat' dir='ltr'><strong>connubia</strong></span> <span class='ocrx_word' id='word_1_204' title='bbox 475 3734 591 3792; x_wconf 89' lang='lat' dir='ltr'><strong>contra</strong></span> <span class='ocrx_word' id='word_1_205' title='bbox 614 3717 706 3814; x_wconf 83' lang='lat' dir='ltr'><strong>leges</strong></span> <span class='ocrx_word' id='word_1_206' title='bbox 732 3717 980 3790; x_wconf 87' lang='lat' dir='ltr'><strong>ecclesiasticas</strong></span> <span class='ocrx_word' id='word_1_207' title='bbox 1005 3717 1111 3803; x_wconf 93' lang='lat' dir='ltr'><strong>inita,</strong></span> <span class='ocrx_word' id='word_1_208' title='bbox 1142 3713 1260 3787; x_wconf 90' lang='lat' dir='ltr'><strong>saltem</strong></span> 
     </span>
     <span class='ocr_line' id='line_1_31' title="bbox 142 3827 1257 3930; baseline -0.004 -26"><span class='ocrx_word' id='word_1_209' title='bbox 142 3831 294 3930; x_wconf 74' lang='lat' dir='ltr'><strong>legitima</strong></span> <span class='ocrx_word' id='word_1_210' title='bbox 312 3833 443 3906; x_wconf 87' lang='lat' dir='ltr'><strong>censeri</strong></span> <span class='ocrx_word' id='word_1_211' title='bbox 459 3849 492 3907; x_wconf 86' lang='lat' dir='ltr'><strong>et</strong></span> <span class='ocrx_word' id='word_1_212' title='bbox 513 3832 656 3906; x_wconf 87' lang='lat' dir='ltr'><strong>essenti</strong></span> <span class='ocrx_word' id='word_1_213' title='bbox 674 3847 864 3906; x_wconf 87' lang='lat' dir='ltr'><strong>contractus</strong></span> <span class='ocrx_word' id='word_1_214' title='bbox 883 3829 1052 3905; x_wconf 87' lang='lat' dir='ltr'><strong>naturales</strong></span> <span class='ocrx_word' id='word_1_215' title='bbox 1071 3854 1111 3903; x_wconf 88' lang='lat' dir='ltr'><strong>ac</strong></span> <span class='ocrx_word' id='word_1_216' title='bbox 1128 3827 1257 3903; x_wconf 83' lang='lat' dir='ltr'><strong>civiles.</strong></span> 
     </span>
     <span class='ocr_line' id='line_1_32' title="bbox 141 3940 1263 4048; baseline -0.002 -30"><span class='ocrx_word' id='word_1_217' title='bbox 141 3947 318 4048; x_wconf 88' lang='lat' dir='ltr'><strong>Siquidem</strong></span> <span class='ocrx_word' id='word_1_218' title='bbox 336 3947 499 4035; x_wconf 88' lang='lat' dir='ltr'><strong>ecclesia,</strong></span> <span class='ocrx_word' id='word_1_219' title='bbox 521 3946 653 4047; x_wconf 92' lang='lat' dir='ltr'><strong>utplus</strong></span> <span class='ocrx_word' id='word_1_220' title='bbox 676 3946 779 4020; x_wconf 88' lang='lat' dir='ltr'><strong>semel</strong></span> <span class='ocrx_word' id='word_1_221' title='bbox 800 3945 1010 4019; x_wconf 89' lang='lat' dir='ltr'><strong>ostendimus</strong></span> <span class='ocrx_word' id='word_1_222' title='bbox 1023 4000 1036 4031; x_wconf 75' lang='lat'><strong>,.</strong></span> <span class='ocrx_word' id='word_1_223' title='bbox 1049 3940 1141 4016; x_wconf 89' lang='lat' dir='ltr'><strong>nulla</strong></span> <span class='ocrx_word' id='word_1_224' title='bbox 1161 3965 1263 4041; x_wconf 79' lang='lat' dir='ltr'><strong>agno·</strong></span> 
     </span>
     <span class='ocr_line' id='line_1_33' title="bbox 142 4042 1261 4160; baseline -0.003 -24"><span class='ocrx_word' id='word_1_225' title='bbox 142 4063 206 4136; x_wconf 89' lang='lat' dir='ltr'><strong>scit</strong></span> <span class='ocrx_word' id='word_1_226' title='bbox 219 4062 256 4134; x_wconf 94' lang='lat' dir='ltr'><strong>in</strong></span> <span class='ocrx_word' id='word_1_227' title='bbox 275 4061 455 4160; x_wconf 86' lang='lat' dir='ltr'><strong>baptizatis</strong></span> <span class='ocrx_word' id='word_1_228' title='bbox 473 4060 651 4158; x_wconf 80' lang='lat' dir='ltr'><strong>coniugia,</strong></span> <span class='ocrx_word' id='word_1_229' title='bbox 667 4064 756 4160; x_wconf 83' lang='lat' dir='ltr'><strong>quae</strong></span> <span class='ocrx_word' id='word_1_230' title='bbox 767 4086 834 4134; x_wconf 92' lang='lat' dir='ltr'><strong>non</strong></span> <span class='ocrx_word' id='word_1_231' title='bbox 854 4061 922 4133; x_wconf 86' lang='lat' dir='ltr'><strong>sint</strong></span> <span class='ocrx_word' id='word_1_232' title='bbox 940 4056 1163 4133; x_wconf 85' lang='lat' dir='ltr'><strong>sacramenta.</strong></span> <span class='ocrx_word' id='word_1_233' title='bbox 1177 4042 1261 4133; x_wconf 86' lang='lat' dir='ltr'><strong>Naln</strong></span> 
     </span>
     <span class='ocr_line' id='line_1_34' title="bbox 143 4174 1260 4278; baseline -0.003 -30"><span class='ocrx_word' id='word_1_234' title='bbox 143 4177 176 4249; x_wconf 90' lang='lat' dir='ltr'><strong>iu</strong></span> <span class='ocrx_word' id='word_1_235' title='bbox 191 4203 268 4278; x_wconf 87' lang='lat' dir='ltr'><strong>cap.</strong></span> <span class='ocrx_word' id='word_1_236' title='bbox 287 4177 334 4250; x_wconf 84' lang='lat' dir='ltr'><strong>Dc</strong></span> <span class='ocrx_word' id='word_1_237' title='bbox 348 4177 500 4249; x_wconf 76' lang='lat' dir='ltr'><strong>diuortiis</strong></span> <span class='ocrx_word' id='word_1_238' title='bbox 517 4176 766 4251; x_wconf 89' lang='lat' dir='ltr'><strong>matrimonium</strong></span> <span class='ocrx_word' id='word_1_239' title='bbox 787 4175 874 4250; x_wconf 88' lang='lat' dir='ltr'><strong>iuter</strong></span> <span class='ocrx_word' id='word_1_240' title='bbox 890 4174 1078 4276; x_wconf 85' lang='lat' dir='ltr'><strong>baptizatos</strong></span> <span class='ocrx_word' id='word_1_241' title='bbox 1103 4174 1260 4248; x_wconf 87' lang='lat' dir='ltr'><strong>universe</strong></span> 
     </span>
    </p>
   </div>
   <div class='ocr_carea' id='block_1_3' title="bbox 212 4326 853 4393">
    <p class='ocr_par' dir='ltr' id='par_1_5' title="bbox 212 4326 853 4393">
     <span class='ocr_line' id='line_1_35' title="bbox 212 4326 853 4393; baseline -0.005 -12"><span class='ocrx_word' id='word_1_242' title='bbox 212 4329 248 4393; x_wconf 78' lang='grc'><strong>(5)</strong></span> <span class='ocrx_word' id='word_1_243' title='bbox 264 4331 329 4381; x_wconf 82' lang='lat' dir='ltr'><strong>sess.</strong></span> <span class='ocrx_word' id='word_1_244' title='bbox 345 4331 435 4380; x_wconf 74' lang='lat' dir='ltr'><strong>xxlv.</strong></span> <span class='ocrx_word' id='word_1_245' title='bbox 448 4342 504 4392; x_wconf 78' lang='lat' dir='ltr'><strong>cap.</strong></span> <span class='ocrx_word' id='word_1_246' title='bbox 517 4335 541 4381; x_wconf 76' lang='lat'><strong>5.</strong></span> <span class='ocrx_word' id='word_1_247' title='bbox 555 4329 593 4380; x_wconf 79' lang='lat' dir='ltr'><strong>De</strong></span> <span class='ocrx_word' id='word_1_248' title='bbox 612 4326 721 4390; x_wconf 71' lang='lat' dir='ltr'><strong>rasam</strong></span> <span class='ocrx_word' id='word_1_249' title='bbox 734 4328 853 4379; x_wconf 70' lang='lat' dir='ltr'><strong>mmm.</strong></span> 
     </span>
    </p>
   </div>
   <div class='ocr_carea' id='block_1_4' title="bbox 0 0 1406 5062">
    <p class='ocr_par' dir='ltr' id='par_1_6' title="bbox 0 0 1406 5062">
     <span class='ocr_line' id='line_1_36' title="bbox 0 0 1406 5062; baseline 0 0"><span class='ocrx_word' id='word_1_250' title='bbox 0 0 1406 5062; x_wconf 95' lang='lat' dir='ltr'><strong> </strong></span> 
     </span>
    </p>
   </div>
  </div>
 </body>
</html>
