2804 5062
258 388 327 438 aar.
344 390 367 438 ι.
386 386 459 440 arn.
482 389 555 440 rora
572 390 698 441 rorasr.
717 393 842 444 rectas.
863 395 935 444 aar.
953 397 988 445 n.
1136 377 1181 448 Η

70 506 168 578 luerit
186 504 376 604 aliquando
400 506 575 606 quidpiam
601 508 766 582 eiusmodi
792 512 1010 609 perficiendi,
1031 503 1125 613 quod
1139 518 1182 590 ad

69 635 297 707 sacramenta,
327 619 445 694 autad
464 621 598 722 nuptias
624 623 814 720 iungendos
840 625 932 699 iuxta
956 625 1119 701 ecclesiae
1135 628 1184 702 le-

69 761 126 832 ges
142 734 320 809 reseratur.
342 736 515 811 Prolerant
531 736 680 811 libellum
699 739 889 838 supplicem
903 740 1050 841 aliquem
1064 768 1084 814 a
1096 741 1184 815 chri·

67 850 185 925 stianis
212 849 403 924 exhibitum
428 852 657 953 principibus,
681 870 742 926 aut
761 856 1030 952 magistratibus,
1052 872 1089 929 nt
1107 883 1183 932 sese

65 966 198 1065 legibus
225 966 436 1040 conformare
461 985 619 1066 possent,
649 968 774 1068 quibus
800 968 843 1042 ab
869 971 1012 1045 ecclesia
1036 969 1183 1046 obstrin-

66 1079 242 1179 gebantur.
275 1079 372 1166 Quod
398 1081 429 1154 si
455 1081 540 1154 nihil
571 1082 738 1157 eiusmodi
763 1085 912 1184 prolerre
938 1103 1105 1184 possunt,
1135 1087 1184 1160 la-

67 1213 200 1271 teantur
224 1213 374 1298 oportet,
404 1198 582 1273 ecclesiam
608 1216 676 1273 toto
701 1199 759 1273 illo
785 1217 933 1302 tempore
958 1202 1059 1301 plena
1081 1202 1181 1279 ahso-

67 1313 205 1414 lutaque
232 1329 399 1412 potestate
424 1314 489 1388 hac
515 1340 617 1415 super
643 1317 840 1414 repetitam
867 1317 984 1391 luisse.

135 1430 208 1502 lam
234 1454 314 1502 veru
339 1429 369 1503 si
395 1430 560 1505 ecclesiae
584 1446 734 1530 potestas
761 1432 826 1505 sub
850 1432 997 1507 ethnicis
1022 1435 1184 1536 principi-

67 1547 127 1620 bus
153 1547 248 1620 circa
273 1563 482 1620 sacramenta
499 1548 533 1620 in
553 1573 694 1645 genere,
725 1574 764 1621 ac
790 1549 825 1620 in
851 1550 963 1649 specie
988 1551 1078 1624 circa
1102 1540 1183 1625 con·

68 1661 174 1759 ingia,
205 1659 310 1760 plena
334 1660 397 1734 luit
422 1687 462 1735 ao
487 1662 739 1763 independens,
769 1664 862 1738 nulla
895 1666 1062 1763 assignari
1100 1667 1184 1741 ratio

67 1793 193 1876 potest,
215 1802 323 1878 quare
347 1775 440 1851 illam
466 1779 531 1853 sub
556 1779 750 1854 christianis
769 1781 979 1880 principibus
1001 1780 1184 1881 aliquando

67 1894 239 1980 amiserit,
259 1919 338 1966 cum
356 1891 485 1968 scilicet
498 1895 668 1994 principes
691 1897 725 1965 in
744 1894 908 1968 ecclesiae
927 1896 1039 1968 sinum
1058 1897 1184 1995 recepti

71 2026 101 2081 et
128 2009 271 2109 cooptati
298 2023 402 2098 sunt,
431 2009 625 2108 subditique
653 2010 763 2083 eidem
789 2026 868 2083 sunt
892 2010 995 2099 lacti,
1024 2010 1183 2109 discipuli

72 2148 110 2196 ac
127 2122 205 2212 lilii,
225 2150 292 2198 non
317 2140 429 2198 autem
455 2125 584 2198 domini
610 2141 668 2198 aut
692 2125 855 2223 magistri.
882 2125 1018 2200 Illorum
1037 2125 1080 2200 ad
1098 2126 1185 2200 chri·

69 2238 281 2314 sdanismnm
307 2241 482 2314 conversio
508 2257 645 2341 accepta
676 2242 790 2315 referri
816 2240 916 2314 debet
940 2242 1001 2314 Dei
1026 2243 1180 2338 gratiae,

68 2355 121 2454 qni
142 2380 204 2430 eos
222 2355 400 2454 praevenit
416 2371 450 2429 et
469 2356 504 2428 in
524 2371 648 2430 sortem
665 2357 796 2432 vocarit
819 2355 963 2429 liliorum
981 2354 1060 2442 Dei,
1083 2370 1184 2455 atque

68 2470 253 2558 ecclesiae,
284 2497 372 2572 quae
398 2497 457 2545 eos
483 2473 620 2546 admisit
646 2473 679 2544 in
707 2473 819 2545 sinum
846 2497 943 2545 suum
975 2467 1106 2543 lustrali
1134 2468 1182 2542 la-

69 2611 164 2661 vacro
187 2586 343 2687 aluitque
368 2587 520 2661 doctrina
544 2615 618 2661 sua.
649 2590 827 2660 lmmntata
848 2587 984 2685 quidem
1011 2613 1070 2686 per
1096 2585 1185 2660 hanc

71 2703 323 2778 conversionem
342 2703 406 2777 luit
425 2702 558 2777 illorum
583 2703 750 2789 conditio,
772 2702 832 2775 sed
850 2702 997 2775 conditio
1021 2700 1185 2774 ecclesiae

67 2819 184 2892 eadem
211 2819 398 2919 permansit
424 2819 536 2919 quoad
569 2836 722 2892 naturam
750 2845 790 2891 ac
815 2817 1063 2918 praerogativas
1100 2842 1181 2889 suas

71 2934 376 3034 perseveravitque.
411 2934 546 3007 Nullum
583 2960 723 3035 prorsus
761 2934 814 3006 ius
851 2930 899 3004 illi
937 2933 970 3003 in
1006 2930 1184 3005 ecclesiam

68 3052 340 3152 acquisiverunt,
365 3052 425 3125 sed
448 3079 553 3126 novas
579 3079 655 3125 cum
681 3078 721 3126 ea
747 3051 925 3125 relationes
948 3049 1060 3150 adepti
1083 3063 1181 3133 sunt,

71 3167 158 3240 iuxta
179 3192 269 3268 quas
289 3167 455 3240 interdum
479 3166 721 3264 legislationem
741 3192 836 3239 suam
857 3181 1041 3263 temperare
1060 3159 1186 3232 debue-

74 3298 151 3356 runt
171 3308 211 3357 ac
238 3281 433 3357 harmonice
464 3309 539 3356 cnm
571 3281 781 3379 legislatione
810 3278 973 3353 ecclesiae
1007 3275 1182 3360 ordinare;

70 3399 152 3498 quin
178 3397 344 3473 ecclesiae
369 3399 590 3498 imperarent,
617 3397 726 3469 eidem
752 3395 861 3495 potius
886 3393 1115 3493 obtemperare
1131 3392 1187 3465 de-

70 3510 215 3588 buerunt
234 3512 351 3599 iniis,
374 3540 462 3613 quae
487 3512 632 3586 ecclesia
654 3511 816 3583 divinitus
842 3507 986 3610 accepit,
1007 3535 1047 3582 ac
1065 3508 1187 3604 iugiter

71 3629 235 3714 marcuit,
264 3643 343 3702 ante
369 3653 470 3728 quam
496 3628 667 3727 principes
687 3625 728 3698 ad
746 3624 965 3698 christianam
991 3622 1186 3719 religionem

72 3757 353 3818 converterentur.

142 3860 272 3933 Revera
297 3861 326 3932 si
352 3874 501 3934 veterum
526 3860 727 3934 documenta
752 3858 982 3940 consulimus,
1010 3850 1185 3925 ecclesiam

74 3991 141 4048 tum
171 3991 351 4073 anteptum
383 3991 462 4076 post
490 3976 680 4076 principum
711 3973 963 4048 conversionem
995 3991 1187 4067 supremam

73 4108 173 4191 atque
191 4091 473 4191 independentem
492 4106 687 4190 potestatem
700 4090 789 4163 circa
802 4083 953 4185 nuptiale
966 4081 1084 4157 foedus
1098 4080 1188 4154 chri-

74 4205 260 4281 stianorum
295 4207 485 4279 exercuisse
511 4204 747 4306 comperimus.
778 4202 825 4273 nc
850 4200 893 4273 de
919 4199 1028 4300 prima
1052 4195 1189 4296 quidem

75 4321 204 4420 epocha
221 4320 287 4398 sub
304 4321 450 4396 ethnicis
469 4318 727 4421 imperatoribus
750 4316 845 4393 testis
869 4331 921 4390 est
942 4310 1166 4386 Tertullianus
1178 4329 1202 4392 ,⁸
