2804 5062
238 356 305 428 titt
427 374 488 426 nra.
507 374 543 425 u.
564 373 650 424 suar.
670 373 799 424 aarum.
815 372 855 423 na
873 371 998 423 norror.
1019 371 1130 424 orrum.

236 519 327 578 mus,
349 490 516 591 principes
533 489 660 564 scilicet
682 488 836 565 infideles
854 490 907 563 ius
933 515 1000 564 nou
1024 488 1151 562 habero
1177 486 1268 587 leges
1292 489 1335 562 io·

235 607 330 681 randi
354 605 600 679 matrimonium
626 604 812 678 infidelium
838 630 972 679 suorum
999 603 1212 679 subditorum
1231 604 1335 704 quoad

235 720 405 797 vinculum
428 720 637 794 dirimentes.

637 943 862 1001 ‹thuicuhhs
882 943 919 998 li.

241 1141 399 1202 Corollaria
421 1140 603 1201 deducuntur
617 1155 652 1199 ex
674 1145 784 1200 stomin
804 1138 936 1199 doctriua
947 1154 998 1215 per
1014 1153 1103 1216 quarn
1115 1136 1170 1197 lux
1179 1134 1334 1198 adunatur

309 1241 362 1296 toti
383 1239 597 1298 coutroversiae
612 1236 649 1296 do
665 1236 858 1296 eecimlastloa
879 1241 908 1295 st
923 1235 1002 1295 cirili
1018 1239 1163 1312 potestate
1189 1235 1279 1295 relate
1300 1232 1332 1294 ad

311 1334 528 1396 Matrimonium
548 1333 746 1394 christianum.

308 1507 408 1583 Omni
433 1534 500 1608 qua
523 1508 639 1582 datum
659 1521 712 1581 est
728 1521 996 1604 argumentorum
1014 1505 1049 1578 ri
1066 1520 1101 1578 et
1117 1505 1221 1605 copia
1236 1521 1336 1579 osten

169 1695 172 1698 ,
235 1623 347 1697 dimus
361 1624 473 1723 ipsum
486 1621 732 1696 matrimonium
746 1619 930 1694 infidelium
943 1618 1135 1693 nullatanus
1149 1619 1264 1718 quoad
1275 1617 1336 1692 riu

236 1739 346 1813 culum
365 1739 519 1838 potestati
532 1734 719 1837 principum
739 1735 925 1809 infidelium
941 1733 1093 1821 subesse;
1114 1758 1158 1807 ex
1171 1732 1239 1808 hoe
1255 1732 1336 1806 euim

237 1854 401 1954 prineipio
419 1853 523 1927 multa
539 1852 712 1925 dimanant
727 1850 918 1938 corollaria,
935 1874 1023 1949 quaa
1034 1848 1227 1922 doctrinam
1248 1872 1337 1921 ano

236 1968 291 2044 bis
320 1970 482 2043 hactenus
514 1968 699 2069 expositam
728 1965 771 2040 de
802 1965 1011 2041 matrimonio
1043 1963 1235 2038 christiano
1262 1962 1337 2036 mire

236 2083 434 2158 confirmant
462 2098 495 2157 et
519 2082 698 2157 illustrant.

307 2199 355 2273 ric
384 2226 420 2274 re
444 2192 638 2283 annovera,
659 2197 688 2272 si
710 2196 802 2271 nullo
818 2221 966 2296 uuquam
984 2196 1058 2269 iure
1082 2196 1118 2269 in
1135 2192 1335 2268 matrimonii

235 2313 422 2403 uinculum,
451 2329 548 2414 prout
570 2313 762 2410 coniugium
787 2327 976 2387 contractus
1004 2326 1056 2386 est
1078 2309 1264 2397 naturalis,
1291 2333 1338 2410 pe

238 2430 289 2504 titi
314 2446 392 2504 sunt
415 2448 473 2505 aut
493 2429 592 2530 potiri
614 2443 755 2529 possunt
779 2427 951 2529 principes
976 2423 1132 2500 infideles
1161 2452 1245 2524 erga
1269 2422 1338 2499 suli

236 2543 324 2617 ditos
349 2544 449 2617 etiam
474 2543 640 2617 infideles,

308 2660 462 2757 Sequitur
488 2660 522 2730 1.
547 2658 740 2731 Nullateuus
766 2684 903 2732 necesse
928 2682 1016 2743 ossa,
1039 2671 1077 2728 ut
1103 2682 1182 2729 cum
1203 2653 1336 2753 quibus·

237 2774 314 2845 dam
344 2773 507 2870 theologis
537 2774 710 2860 dicamus,
728 2773 907 2847 ¹Christum
938 2772 1109 2846 evectione
1133 2770 1224 2843 laeta
1251 2783 1338 2842 natta

238 2887 318 2963 ralia
343 2889 490 2986 coniugii
511 2890 553 2961 ad
572 2889 770 2962 sacramenti
794 2889 1008 2985 dignitatem,
1024 2885 1110 2959 illud
1132 2886 1336 2959 subtraxisse

237 3004 427 3102 principum
458 3005 612 3103 potestati
639 3030 680 3077 uo
705 3004 918 3078 transtulisse
944 3003 979 3074 in
1008 3017 1207 3101 potestatem
1240 2999 1338 3074 eccle

237 3119 308 3192 siae
335 3122 422 3214 (tt).
452 3119 542 3191 Nihil
572 3120 707 3193 omnino
737 3119 890 3193 Christus
916 3117 1079 3190 subtraxit
1108 3115 1335 3217 principibus;

237 3235 292 3305 ius
316 3233 414 3308 civile
438 3235 527 3333 quod
550 3235 718 3308 habehant
742 3236 903 3308 intactum
934 3232 1078 3332 reliquit,
1108 3248 1212 3331 atque
1237 3230 1337 3305 eoele-

237 3347 308 3422 siae
333 3348 520 3421 auctoritati
538 3366 781 3422 sacramentum
804 3348 1003 3422 matrimonii
1032 3347 1224 3434 commisit,
1253 3343 1336 3446 quod

308 3555 358 3618 (st)
374 3557 406 3604 Ut
421 3555 482 3605 nitrii
498 3554 580 3606 dicem
596 3556 627 3607 de
640 3557 727 3607 aulicis
742 3558 900 3621 scriptoribus
912 3558 1003 3621 apertis
1016 3557 1132 3607 amictiae
1153 3556 1284 3616 hostibus,
1299 3554 1337 3617 qui

237 3648 334 3685 ornnem
348 3635 426 3685 cidem
438 3636 552 3686 eeclesiae
568 3637 736 3686 auctoritatem
756 3636 888 3700 denegant3
904 3636 986 3700 quoad
1002 3637 1110 3686 sinceros
1124 3635 1278 3694 catholicos,
1299 3633 1337 3696 qni

237 3716 323 3764 saitem
340 3728 494 3765 communem
509 3715 601 3765 iaciunt
613 3715 762 3779 principibus
772 3729 828 3765 eum
840 3717 942 3766 ecclesia
959 3716 1102 3779 potestatem
1118 3713 1285 3764 consumendi
1300 3713 1337 3761 im·

237 3794 375 3855 pedimenta
390 3794 529 3844 dirimentis
549 3809 578 3846 ac
593 3798 679 3858 urgent
694 3798 718 3845 et
733 3794 779 3856 ipsi
795 3796 843 3844 hoc
858 3797 1041 3857 argumentum,
1056 3792 1124 3857 quod
1143 3793 1167 3842 si
1185 3795 1338 3855 denegaretur

237 3872 387 3935 principibus
399 3874 446 3923 hoc
456 3874 494 3923 ius
504 3874 659 3924 Christuseis
670 3875 791 3924 nocuisset
800 3888 857 3923 oum
868 3888 956 3923 nomeu
969 3874 1054 3922 darent
1064 3872 1177 3934 religioni
1188 3872 1337 3930 christianae,

237 3964 286 4000 nou
305 3954 501 4003 animadvertunt
521 3955 595 4004 etiam
609 3956 636 4003 iu
652 3955 761 4017 ipsorum
779 3954 907 4016 hypothesi
918 3953 942 4003 id
954 3955 1033 4016 ipsum
1043 3952 1193 4014 contingere.
1206 3954 1268 4001 llam
1278 3952 1337 4000 mn

237 4043 312 4092 quam
324 4033 529 4085 christianismum
541 4035 720 4097 profiterentur,
732 4033 782 4083 soit
799 4034 845 4084 hoc
865 4035 918 4083 iure
934 4033 1093 4094 fruebantur,
1110 4034 1197 4096 postca
1216 4044 1274 4081 rem
1295 4041 1337 4078 nou

237 4111 342 4172 amplius
356 4113 414 4176 soii,
427 4114 470 4164 scd
483 4128 531 4163 una
546 4129 603 4164 curu
621 4115 721 4164 ecelesia
730 4127 860 4164 commune
871 4113 933 4162 iilud
944 4114 1093 4162 haberentet
1101 4111 1203 4174 quidem
1217 4125 1274 4161 cnm
1287 4108 1336 4159 suh

236 4189 400 4253 ordinatione3
416 4194 538 4256 siquidem
554 4195 688 4258 temporale
703 4194 825 4245 societatis
847 4193 938 4244 honum
959 4193 1097 4242 coordinari
1112 4191 1186 4242 dehet
1201 4205 1258 4242 curn
1273 4189 1336 4254 spiri·

236 4271 310 4332 lunii,
322 4274 347 4321 et
359 4272 393 4323 ita
408 4275 436 4322 ut
451 4274 476 4322 iu
492 4274 606 4324 eouilictu
622 4274 687 4324 isturl
703 4274 866 4337 praevaleret,
880 4276 909 4323 ut
924 4287 968 4336 per
981 4286 1007 4322 ss
1022 4275 1098 4336 patet.
