<?xml version="1.0" encoding="UTF-8"?>
<!DOCTYPE html PUBLIC "-//W3C//DTD XHTML 1.0 Transitional//EN"
    "http://www.w3.org/TR/xhtml1/DTD/xhtml1-transitional.dtd">
<html xmlns="http://www.w3.org/1999/xhtml" xml:lang="en" lang="en">
 <head>
  <title>
</title>
<meta http-equiv="Content-Type" content="text/html;charset=utf-8" />
  <meta name='ocr-system' content='tesseract 3.04.00' />
  <meta name='ocr-capabilities' content='ocr_page ocr_carea ocr_par ocr_line ocrx_word'/>
</head>
<body>
  <div class='ocr_page' id='page_1' title='image "./dematrimoniochr02perrgoog_0016.png"; bbox 0 0 2804 5062; ppageno 0'>
   <div class='ocr_carea' id='block_1_1' title="bbox 273 377 1177 447">
    <p class='ocr_par' dir='ltr' id='par_1_1' title="bbox 273 377 1177 447">
     <span class='ocr_line' id='line_1_1' title="bbox 273 377 1177 447; baseline 0.006 -5"><span class='ocrx_word' id='word_1_1' title='bbox 273 393 344 444; x_wconf 79' lang='lat' dir='ltr'>car.</span> <span class='ocrx_word' id='word_1_2' title='bbox 360 393 384 442; x_wconf 80' lang='lat' dir='ltr'>r.</span> <span class='ocrx_word' id='word_1_3' title='bbox 403 393 464 443; x_wconf 83' lang='lat' dir='ltr'>ern</span> <span class='ocrx_word' id='word_1_4' title='bbox 492 392 565 442; x_wconf 83' lang='lat' dir='ltr'>insa</span> <span class='ocrx_word' id='word_1_5' title='bbox 582 391 849 444; x_wconf 56' lang='lat' dir='ltr'>sorren‘aocnrs.</span> <span class='ocrx_word' id='word_1_6' title='bbox 862 394 934 444; x_wconf 75' lang='lat' dir='ltr'>aar.</span> <span class='ocrx_word' id='word_1_7' title='bbox 947 394 970 443; x_wconf 90' lang='lat' dir='ltr'>r.</span> <span class='ocrx_word' id='word_1_8' title='bbox 1153 377 1177 447; x_wconf 77' lang='grc'><strong>9</strong></span> 
     </span>
    </p>
   </div>
   <div class='ocr_carea' id='block_1_2' title="bbox 67 509 1291 2905">
    <p class='ocr_par' dir='ltr' id='par_1_2' title="bbox 67 509 1184 1407">
     <span class='ocr_line' id='line_1_2' title="bbox 70 509 1182 616; baseline 0.006 -31"><span class='ocrx_word' id='word_1_9' title='bbox 70 526 130 585; x_wconf 85' lang='lat' dir='ltr'>set.</span> <span class='ocrx_word' id='word_1_10' title='bbox 148 511 188 583; x_wconf 86' lang='lat' dir='ltr'>ld</span> <span class='ocrx_word' id='word_1_11' title='bbox 204 511 295 583; x_wconf 82' lang='lat' dir='ltr'>enirn</span> <span class='ocrx_word' id='word_1_12' title='bbox 313 526 421 585; x_wconf 85' lang='lat' dir='ltr'>totum</span> <span class='ocrx_word' id='word_1_13' title='bbox 445 509 654 608; x_wconf 76' lang='lat' dir='ltr'>significatur</span> <span class='ocrx_word' id='word_1_14' title='bbox 678 510 769 584; x_wconf 90' lang='lat' dir='ltr'>dicto</span> <span class='ocrx_word' id='word_1_15' title='bbox 785 510 852 585; x_wconf 42' lang='lat' dir='ltr'>‘illo</span> <span class='ocrx_word' id='word_1_16' title='bbox 871 511 911 586; x_wconf 85' lang='lat' dir='ltr'>de</span> <span class='ocrx_word' id='word_1_17' title='bbox 934 517 1092 588; x_wconf 66' lang='lat' dir='ltr'>resectio</span> <span class='ocrx_word' id='word_1_18' title='bbox 1108 520 1182 616; x_wconf 51' lang='lat' dir='ltr'>apia</span> 
     </span>
     <span class='ocr_line' id='line_1_3' title="bbox 69 623 1182 725; baseline 0.009 -28"><span class='ocrx_word' id='word_1_19' title='bbox 69 627 171 723; x_wconf 77' lang='lat' dir='ltr'>scopi,</span> <span class='ocrx_word' id='word_1_20' title='bbox 199 624 291 725; x_wconf 86' lang='lat' dir='ltr'>qood</span> <span class='ocrx_word' id='word_1_21' title='bbox 317 624 362 698; x_wconf 88' lang='lat' dir='ltr'>ed</span> <span class='ocrx_word' id='word_1_22' title='bbox 389 623 575 724; x_wconf 87' lang='lat' dir='ltr'>simplicem</span> <span class='ocrx_word' id='word_1_23' title='bbox 601 624 772 712; x_wconf 77' lang='lat' dir='ltr'><strong>notitiam,</strong></span> <span class='ocrx_word' id='word_1_24' title='bbox 791 626 1127 702; x_wconf 85' lang='lat' dir='ltr'>autadmonitionenn</span> <span class='ocrx_word' id='word_1_25' title='bbox 1143 647 1182 706; x_wconf 86' lang='lat' dir='ltr'>et</span> 
     </span>
     <span class='ocr_line' id='line_1_4' title="bbox 71 738 1178 838; baseline 0.006 -26"><span class='ocrx_word' id='word_1_26' title='bbox 71 739 331 813; x_wconf 84' lang='lat' dir='ltr'>exhortationem</span> <span class='ocrx_word' id='word_1_27' title='bbox 357 738 519 812; x_wconf 88' lang='lat' dir='ltr'>coarctari</span> <span class='ocrx_word' id='word_1_28' title='bbox 546 738 673 838; x_wconf 87' lang='lat' dir='ltr'>nequit.</span> <span class='ocrx_word' id='word_1_29' title='bbox 695 738 807 824; x_wconf 84' lang='lat' dir='ltr'>Quum</span> <span class='ocrx_word' id='word_1_30' title='bbox 832 756 943 814; x_wconf 87' lang='lat' dir='ltr'>autern</span> <span class='ocrx_word' id='word_1_31' title='bbox 967 739 1052 815; x_wconf 91' lang='lat' dir='ltr'>haec</span> <span class='ocrx_word' id='word_1_32' title='bbox 1069 768 1090 815; x_wconf 90' lang='lat' dir='ltr'>a</span> <span class='ocrx_word' id='word_1_33' title='bbox 1106 744 1178 819; x_wconf 83' lang='lat' dir='ltr'>viro</span> 
     </span>
     <span class='ocr_line' id='line_1_5' title="bbox 71 852 1184 952; baseline 0.005 -26"><span class='ocrx_word' id='word_1_34' title='bbox 71 853 255 952; x_wconf 90' lang='lat' dir='ltr'>apostolico</span> <span class='ocrx_word' id='word_1_35' title='bbox 285 853 414 952; x_wconf 86' lang='lat' dir='ltr'>scripta</span> <span class='ocrx_word' id='word_1_36' title='bbox 444 854 590 940; x_wconf 76' lang='lat' dir='ltr'>fuerint,</span> <span class='ocrx_word' id='word_1_37' title='bbox 623 852 742 926; x_wconf 89' lang='lat' dir='ltr'>merite</span> <span class='ocrx_word' id='word_1_38' title='bbox 771 854 912 951; x_wconf 81' lang='lat' dir='ltr'>proinde</span> <span class='ocrx_word' id='word_1_39' title='bbox 944 854 1091 929; x_wconf 74' lang='lat' dir='ltr'>diximus</span> <span class='ocrx_word' id='word_1_40' title='bbox 1123 883 1184 932; x_wconf 78' lang='lat' dir='ltr'>eo-</span> 
     </span>
     <span class='ocr_line' id='line_1_6' title="bbox 67 968 1181 1069; baseline 0.004 -27"><span class='ocrx_word' id='word_1_41' title='bbox 67 968 205 1042; x_wconf 82' lang='lat' dir='ltr'>alesiam</span> <span class='ocrx_word' id='word_1_42' title='bbox 231 969 301 1042; x_wconf 91' lang='lat' dir='ltr'>iam</span> <span class='ocrx_word' id='word_1_43' title='bbox 327 994 347 1041; x_wconf 89' lang='lat' dir='ltr'>a</span> <span class='ocrx_word' id='word_1_44' title='bbox 372 968 445 1041; x_wconf 86' lang='lat' dir='ltr'>suis</span> <span class='ocrx_word' id='word_1_45' title='bbox 469 968 576 1040; x_wconf 90' lang='lat' dir='ltr'>initiis</span> <span class='ocrx_word' id='word_1_46' title='bbox 602 983 776 1066; x_wconf 75' lang='lat' dir='ltr'>spectasse</span> <span class='ocrx_word' id='word_1_47' title='bbox 801 968 951 1042; x_wconf 82' lang='lat' dir='ltr'>fidelium</span> <span class='ocrx_word' id='word_1_48' title='bbox 984 971 1181 1069; x_wconf 79' lang='lat' dir='ltr'>coniugium</span> 
     </span>
     <span class='ocr_line' id='line_1_7' title="bbox 68 1082 1179 1182; baseline 0.006 -27"><span class='ocrx_word' id='word_1_49' title='bbox 68 1099 239 1182; x_wconf 78' lang='lat' dir='ltr'><strong>tamquam</strong></span> <span class='ocrx_word' id='word_1_50' title='bbox 266 1109 337 1156; x_wconf 89' lang='lat' dir='ltr'>rem</span> <span class='ocrx_word' id='word_1_51' title='bbox 358 1108 476 1168; x_wconf 88' lang='lat' dir='ltr'>suam,</span> <span class='ocrx_word' id='word_1_52' title='bbox 496 1108 556 1155; x_wconf 90' lang='lat' dir='ltr'>seu</span> <span class='ocrx_word' id='word_1_53' title='bbox 574 1082 664 1155; x_wconf 89' lang='lat' dir='ltr'>circa</span> <span class='ocrx_word' id='word_1_54' title='bbox 679 1108 781 1182; x_wconf 87' lang='lat' dir='ltr'>quam</span> <span class='ocrx_word' id='word_1_55' title='bbox 799 1084 875 1181; x_wconf 90' lang='lat' dir='ltr'>ipsa</span> <span class='ocrx_word' id='word_1_56' title='bbox 891 1082 1091 1173; x_wconf 72' lang='lat' dir='ltr'>decernere,</span> <span class='ocrx_word' id='word_1_57' title='bbox 1112 1103 1179 1162; x_wconf 81' lang='lat' dir='ltr'>eta·</span> 
     </span>
     <span class='ocr_line' id='line_1_8' title="bbox 69 1195 1182 1297; baseline 0.006 -29"><span class='ocrx_word' id='word_1_58' title='bbox 69 1213 180 1281; x_wconf 87' lang='lat' dir='ltr'>tuere,</span> <span class='ocrx_word' id='word_1_59' title='bbox 203 1221 245 1268; x_wconf 92' lang='lat' dir='ltr'>ac</span> <span class='ocrx_word' id='word_1_60' title='bbox 264 1195 414 1268; x_wconf 87' lang='lat' dir='ltr'>iudicare</span> <span class='ocrx_word' id='word_1_61' title='bbox 436 1195 592 1281; x_wconf 79' lang='lat' dir='ltr'>deberet,</span> <span class='ocrx_word' id='word_1_62' title='bbox 619 1222 659 1269; x_wconf 92' lang='lat' dir='ltr'>eo</span> <span class='ocrx_word' id='word_1_63' title='bbox 685 1195 759 1297; x_wconf 85' lang='lat' dir='ltr'>ipso</span> <span class='ocrx_word' id='word_1_64' title='bbox 784 1197 875 1295; x_wconf 90' lang='lat' dir='ltr'>quod</span> <span class='ocrx_word' id='word_1_65' title='bbox 900 1196 943 1270; x_wconf 90' lang='lat' dir='ltr'>de</span> <span class='ocrx_word' id='word_1_66' title='bbox 968 1217 1182 1275; x_wconf 86' lang='lat' dir='ltr'>sacramento</span> 
     </span>
     <span class='ocr_line' id='line_1_9' title="bbox 69 1307 789 1407; baseline 0.006 -29"><span class='ocrx_word' id='word_1_67' title='bbox 69 1307 234 1382; x_wconf 82' lang='lat' dir='ltr'>divinitus</span> <span class='ocrx_word' id='word_1_68' title='bbox 261 1308 327 1382; x_wconf 90' lang='lat' dir='ltr'>sibi</span> <span class='ocrx_word' id='word_1_69' title='bbox 352 1313 533 1383; x_wconf 87' lang='lat' dir='ltr'>commisso</span> <span class='ocrx_word' id='word_1_70' title='bbox 557 1326 711 1407; x_wconf 80' lang='lat' dir='ltr'>ageretur</span> <span class='ocrx_word' id='word_1_71' title='bbox 725 1313 789 1406; x_wconf 81' lang='lat'><strong>(3).</strong></span> 
     </span>
    </p>

    <p class='ocr_par' dir='ltr' id='par_1_3' title="bbox 73 1423 1291 2905">
     <span class='ocr_line' id='line_1_10' title="bbox 140 1423 1177 1526; baseline 0.008 -31"><span class='ocrx_word' id='word_1_72' title='bbox 140 1423 219 1497; x_wconf 80' lang='lat' dir='ltr'>Huc</span> <span class='ocrx_word' id='word_1_73' title='bbox 240 1423 342 1498; x_wconf 89' lang='lat' dir='ltr'>etiam</span> <span class='ocrx_word' id='word_1_74' title='bbox 360 1426 528 1524; x_wconf 80' lang='lat' dir='ltr'>pertinent</span> <span class='ocrx_word' id='word_1_75' title='bbox 543 1424 771 1500; x_wconf 85' lang='lat' dir='ltr'>institutiones</span> <span class='ocrx_word' id='word_1_76' title='bbox 784 1426 881 1513; x_wconf 86' lang='lat' dir='ltr'>illae,</span> <span class='ocrx_word' id='word_1_77' title='bbox 900 1427 1024 1526; x_wconf 88' lang='lat' dir='ltr'>quibus</span> <span class='ocrx_word' id='word_1_78' title='bbox 1041 1446 1177 1503; x_wconf 87' lang='lat' dir='ltr'>cautum</span> 
     </span>
     <span class='ocr_line' id='line_1_11' title="bbox 73 1539 1179 1641; baseline 0.005 -30"><span class='ocrx_word' id='word_1_79' title='bbox 73 1554 145 1623; x_wconf 84' lang='lat' dir='ltr'>est,</span> <span class='ocrx_word' id='word_1_80' title='bbox 175 1553 215 1612; x_wconf 90' lang='lat' dir='ltr'>ut</span> <span class='ocrx_word' id='word_1_81' title='bbox 239 1539 376 1614; x_wconf 89' lang='lat' dir='ltr'>nonnisi</span> <span class='ocrx_word' id='word_1_82' title='bbox 402 1565 513 1614; x_wconf 90' lang='lat' dir='ltr'>coram</span> <span class='ocrx_word' id='word_1_83' title='bbox 538 1540 722 1641; x_wconf 87' lang='lat' dir='ltr'>episeopo,</span> <span class='ocrx_word' id='word_1_84' title='bbox 750 1558 807 1617; x_wconf 89' lang='lat' dir='ltr'>aut</span> <span class='ocrx_word' id='word_1_85' title='bbox 831 1541 1028 1630; x_wconf 89' lang='lat' dir='ltr'>sacerdote,</span> <span class='ocrx_word' id='word_1_86' title='bbox 1057 1569 1118 1618; x_wconf 88' lang='lat' dir='ltr'>sen</span> <span class='ocrx_word' id='word_1_87' title='bbox 1142 1544 1179 1617; x_wconf 92' lang='lat' dir='ltr'>in</span> 
     </span>
     <span class='ocr_line' id='line_1_12' title="bbox 74 1652 1181 1755; baseline 0.009 -31"><span class='ocrx_word' id='word_1_88' title='bbox 74 1652 157 1726; x_wconf 80' lang='lat' dir='ltr'>[soie</span> <span class='ocrx_word' id='word_1_89' title='bbox 182 1652 366 1741; x_wconf 87' lang='lat' dir='ltr'>ecclesiae,</span> <span class='ocrx_word' id='word_1_90' title='bbox 396 1654 445 1727; x_wconf 91' lang='lat' dir='ltr'>uti</span> <span class='ocrx_word' id='word_1_91' title='bbox 475 1682 564 1728; x_wconf 87' lang='lat' dir='ltr'>nunc</span> <span class='ocrx_word' id='word_1_92' title='bbox 588 1655 745 1755; x_wconf 89' lang='lat' dir='ltr'>loquendi</span> <span class='ocrx_word' id='word_1_93' title='bbox 770 1682 855 1732; x_wconf 89' lang='lat' dir='ltr'>usus</span> <span class='ocrx_word' id='word_1_94' title='bbox 880 1657 1026 1745; x_wconf 87' lang='lat' dir='ltr'>obtinet,</span> <span class='ocrx_word' id='word_1_95' title='bbox 1053 1685 1181 1734; x_wconf 85' lang='lat' dir='ltr'>connu-</span> 
     </span>
     <span class='ocr_line' id='line_1_13' title="bbox 74 1767 1180 1873; baseline 0.008 -34"><span class='ocrx_word' id='word_1_96' title='bbox 74 1767 164 1840; x_wconf 89' lang='lat' dir='ltr'>binm</span> <span class='ocrx_word' id='word_1_97' title='bbox 175 1767 419 1856; x_wconf 74' lang='lat' dir='ltr'>celebraretur,</span> <span class='ocrx_word' id='word_1_98' title='bbox 436 1771 531 1843; x_wconf 86' lang='lat' dir='ltr'>etsie</span> <span class='ocrx_word' id='word_1_99' title='bbox 544 1787 658 1845; x_wconf 89' lang='lat' dir='ltr'>sancte</span> <span class='ocrx_word' id='word_1_100' title='bbox 669 1773 782 1846; x_wconf 88' lang='lat' dir='ltr'>omnia</span> <span class='ocrx_word' id='word_1_101' title='bbox 795 1773 929 1860; x_wconf 86' lang='lat' dir='ltr'>fierent,</span> <span class='ocrx_word' id='word_1_102' title='bbox 945 1791 1046 1873; x_wconf 72' lang='lat' dir='ltr'>atqoe</span> <span class='ocrx_word' id='word_1_103' title='bbox 1063 1775 1180 1848; x_wconf 78' lang='lat' dir='ltr'>aditns</span> 
     </span>
     <span class='ocr_line' id='line_1_14' title="bbox 74 1882 1181 1985; baseline 0.005 -31"><span class='ocrx_word' id='word_1_104' title='bbox 74 1882 112 1957; x_wconf 91' lang='lat' dir='ltr'>iis</span> <span class='ocrx_word' id='word_1_105' title='bbox 144 1882 314 1959; x_wconf 79' lang='lat' dir='ltr'>abusibus</span> <span class='ocrx_word' id='word_1_106' title='bbox 343 1883 593 1971; x_wconf 83' lang='lat' dir='ltr'>occluderetur,</span> <span class='ocrx_word' id='word_1_107' title='bbox 628 1886 687 1985; x_wconf 92' lang='lat' dir='ltr'>qui</span> <span class='ocrx_word' id='word_1_108' title='bbox 717 1913 737 1958; x_wconf 92' lang='lat' dir='ltr'>a</span> <span class='ocrx_word' id='word_1_109' title='bbox 769 1885 966 1959; x_wconf 85' lang='lat' dir='ltr'>malesuada</span> <span class='ocrx_word' id='word_1_110' title='bbox 998 1887 1181 1984; x_wconf 87' lang='lat' dir='ltr'>cupiditate</span> 
     </span>
     <span class='ocr_line' id='line_1_15' title="bbox 76 1998 1183 2097; baseline 0.005 -27"><span class='ocrx_word' id='word_1_111' title='bbox 76 1998 154 2070; x_wconf 88' lang='lat' dir='ltr'>oriri</span> <span class='ocrx_word' id='word_1_112' title='bbox 181 2017 332 2097; x_wconf 88' lang='lat' dir='ltr'>possent.</span> <span class='ocrx_word' id='word_1_113' title='bbox 361 2000 490 2073; x_wconf 86' lang='lat' dir='ltr'>Exinde</span> <span class='ocrx_word' id='word_1_114' title='bbox 519 2001 630 2074; x_wconf 89' lang='lat' dir='ltr'>omnis</span> <span class='ocrx_word' id='word_1_115' title='bbox 659 2000 716 2073; x_wconf 89' lang='lat' dir='ltr'>ille</span> <span class='ocrx_word' id='word_1_116' title='bbox 741 2000 864 2074; x_wconf 88' lang='lat' dir='ltr'>rituum</span> <span class='ocrx_word' id='word_1_117' title='bbox 893 2027 933 2074; x_wconf 92' lang='lat' dir='ltr'>ac</span> <span class='ocrx_word' id='word_1_118' title='bbox 956 2002 1183 2076; x_wconf 83' lang='lat' dir='ltr'>caeremonia·</span> 
     </span>
     <span class='ocr_line' id='line_1_16' title="bbox 77 2114 1179 2215; baseline 0.003 -29"><span class='ocrx_word' id='word_1_119' title='bbox 77 2139 147 2186; x_wconf 89' lang='lat' dir='ltr'>rum</span> <span class='ocrx_word' id='word_1_120' title='bbox 179 2131 381 2214; x_wconf 88' lang='lat' dir='ltr'>apparatus,</span> <span class='ocrx_word' id='word_1_121' title='bbox 412 2141 479 2215; x_wconf 87' lang='lat' dir='ltr'>quo</span> <span class='ocrx_word' id='word_1_122' title='bbox 513 2114 675 2202; x_wconf 87' lang='lat' dir='ltr'>eeclesia,</span> <span class='ocrx_word' id='word_1_123' title='bbox 707 2132 745 2188; x_wconf 90' lang='lat' dir='ltr'>ot</span> <span class='ocrx_word' id='word_1_124' title='bbox 772 2116 998 2213; x_wconf 78' lang='lat' dir='ltr'>augustiorem</span> <span class='ocrx_word' id='word_1_125' title='bbox 1027 2116 1179 2191; x_wconf 79' lang='lat' dir='ltr'>redderet</span> 
     </span>
     <span class='ocr_line' id='line_1_17' title="bbox 75 2227 1180 2329; baseline 0.004 -26"><span class='ocrx_word' id='word_1_126' title='bbox 75 2227 253 2305; x_wconf 80' lang='lat' dir='ltr'>solemnem</span> <span class='ocrx_word' id='word_1_127' title='bbox 278 2230 370 2304; x_wconf 91' lang='lat' dir='ltr'>hunc</span> <span class='ocrx_word' id='word_1_128' title='bbox 395 2247 521 2318; x_wconf 90' lang='lat' dir='ltr'>actum,</span> <span class='ocrx_word' id='word_1_129' title='bbox 546 2247 579 2305; x_wconf 92' lang='lat' dir='ltr'>et</span> <span class='ocrx_word' id='word_1_130' title='bbox 603 2233 763 2329; x_wconf 81' lang='lat' dir='ltr'>coniuges</span> <span class='ocrx_word' id='word_1_131' title='bbox 780 2233 824 2305; x_wconf 88' lang='lat' dir='ltr'>ad</span> <span class='ocrx_word' id='word_1_132' title='bbox 840 2232 1104 2306; x_wconf 88' lang='lat' dir='ltr'>contrahendum</span> <span class='ocrx_word' id='word_1_133' title='bbox 1122 2258 1180 2307; x_wconf 88' lang='lat' dir='ltr'>co·</span> 
     </span>
     <span class='ocr_line' id='line_1_18' title="bbox 74 2345 1178 2432; baseline 0.001 -14"><span class='ocrx_word' id='word_1_134' title='bbox 74 2371 139 2418; x_wconf 75' lang='lat' dir='ltr'>mm</span> <span class='ocrx_word' id='word_1_135' title='bbox 155 2345 330 2420; x_wconf 86' lang='lat' dir='ltr'>sacerdote</span> <span class='ocrx_word' id='word_1_136' title='bbox 349 2346 513 2432; x_wconf 84' lang='lat' dir='ltr'>alliceret,</span> <span class='ocrx_word' id='word_1_137' title='bbox 530 2348 751 2420; x_wconf 87' lang='lat' dir='ltr'>christianum</span> <span class='ocrx_word' id='word_1_138' title='bbox 772 2347 974 2421; x_wconf 88' lang='lat' dir='ltr'>connubium</span> <span class='ocrx_word' id='word_1_139' title='bbox 990 2347 1178 2419; x_wconf 87' lang='lat' dir='ltr'>communi-</span> 
     </span>
     <span class='ocr_line' id='line_1_19' title="bbox 75 2458 1178 2560; baseline 0.001 -29"><span class='ocrx_word' id='word_1_140' title='bbox 75 2460 246 2560; x_wconf 75' lang='lat' dir='ltr'>vitatque</span> <span class='ocrx_word' id='word_1_141' title='bbox 271 2460 457 2534; x_wconf 87' lang='lat' dir='ltr'>adornavit.</span> <span class='ocrx_word' id='word_1_142' title='bbox 486 2460 584 2534; x_wconf 83' lang='lat' dir='ltr'>Tales</span> <span class='ocrx_word' id='word_1_143' title='bbox 609 2461 742 2533; x_wconf 79' lang='lat' dir='ltr'>suerunt</span> <span class='ocrx_word' id='word_1_144' title='bbox 775 2461 859 2533; x_wconf 89' lang='lat' dir='ltr'>ritus</span> <span class='ocrx_word' id='word_1_145' title='bbox 884 2458 928 2532; x_wconf 91' lang='lat' dir='ltr'>ab</span> <span class='ocrx_word' id='word_1_146' title='bbox 950 2458 1093 2534; x_wconf 79' lang='lat' dir='ltr'>ecclesie</span> <span class='ocrx_word' id='word_1_147' title='bbox 1125 2460 1178 2532; x_wconf 83' lang='lat' dir='ltr'>rel</span> 
     </span>
     <span class='ocr_line' id='line_1_20' title="bbox 76 2573 1179 2662; baseline 0.004 -18"><span class='ocrx_word' id='word_1_148' title='bbox 76 2574 214 2648; x_wconf 88' lang='lat' dir='ltr'>instituti</span> <span class='ocrx_word' id='word_1_149' title='bbox 232 2573 287 2647; x_wconf 87' lang='lat' dir='ltr'>vel</span> <span class='ocrx_word' id='word_1_150' title='bbox 303 2573 446 2648; x_wconf 83' lang='lat' dir='ltr'>admissi</span> <span class='ocrx_word' id='word_1_151' title='bbox 463 2574 511 2647; x_wconf 90' lang='lat' dir='ltr'>uti</span> <span class='ocrx_word' id='word_1_152' title='bbox 533 2574 668 2648; x_wconf 90' lang='lat' dir='ltr'>traditio</span> <span class='ocrx_word' id='word_1_153' title='bbox 686 2575 796 2660; x_wconf 89' lang='lat' dir='ltr'>anuli,</span> <span class='ocrx_word' id='word_1_154' title='bbox 813 2574 896 2662; x_wconf 84' lang='lat' dir='ltr'>reli,</span> <span class='ocrx_word' id='word_1_155' title='bbox 911 2600 1074 2662; x_wconf 92' lang='lat' dir='ltr'>coronae,</span> <span class='ocrx_word' id='word_1_156' title='bbox 1102 2601 1179 2648; x_wconf 90' lang='lat' dir='ltr'>cae·</span> 
     </span>
     <span class='ocr_line' id='line_1_21' title="bbox 77 2689 1176 2790; baseline 0 -27"><span class='ocrx_word' id='word_1_157' title='bbox 77 2706 286 2790; x_wconf 85' lang='lat' dir='ltr'>terornmque</span> <span class='ocrx_word' id='word_1_158' title='bbox 309 2689 495 2776; x_wconf 87' lang='lat' dir='ltr'>eiusmodi,</span> <span class='ocrx_word' id='word_1_159' title='bbox 516 2716 632 2790; x_wconf 89' lang='lat' dir='ltr'>preces</span> <span class='ocrx_word' id='word_1_160' title='bbox 651 2691 844 2790; x_wconf 90' lang='lat' dir='ltr'>praesertim</span> <span class='ocrx_word' id='word_1_161' title='bbox 858 2716 898 2763; x_wconf 89' lang='lat' dir='ltr'>ac</span> <span class='ocrx_word' id='word_1_162' title='bbox 910 2689 1176 2778; x_wconf 87' lang='lat' dir='ltr'>benedictiones,</span> 
     </span>
     <span class='ocr_line' id='line_1_22' title="bbox 76 2804 1291 2905; baseline 0.002 -28"><span class='ocrx_word' id='word_1_163' title='bbox 76 2805 194 2903; x_wconf 86' lang='lat' dir='ltr'>quibus</span> <span class='ocrx_word' id='word_1_164' title='bbox 212 2821 247 2878; x_wconf 89' lang='lat' dir='ltr'>et</span> <span class='ocrx_word' id='word_1_165' title='bbox 261 2804 413 2879; x_wconf 87' lang='lat' dir='ltr'>divinum</span> <span class='ocrx_word' id='word_1_166' title='bbox 438 2806 601 2879; x_wconf 84' lang='lat' dir='ltr'>auxilium</span> <span class='ocrx_word' id='word_1_167' title='bbox 626 2833 729 2905; x_wconf 91' lang='lat' dir='ltr'>super</span> <span class='ocrx_word' id='word_1_168' title='bbox 753 2805 916 2879; x_wconf 87' lang='lat' dir='ltr'>nubentes</span> <span class='ocrx_word' id='word_1_169' title='bbox 937 2804 1080 2879; x_wconf 88' lang='lat' dir='ltr'>ecclesia</span> <span class='ocrx_word' id='word_1_170' title='bbox 1103 2805 1181 2904; x_wconf 82' lang='lat' dir='ltr'>ipsu-</span> <span class='ocrx_word' id='word_1_171' title='bbox 1289 2896 1291 2900; x_wconf 18' lang='grc' dir='ltr'>ι</span> 
     </span>
    </p>
   </div>
   <div class='ocr_carea' id='block_1_3' title="bbox 75 3077 1194 4422">
    <p class='ocr_par' dir='ltr' id='par_1_4' title="bbox 75 3077 1184 3781">
     <span class='ocr_line' id='line_1_23' title="bbox 145 3077 1181 3146; baseline -0.006 -12"><span class='ocrx_word' id='word_1_172' title='bbox 145 3083 180 3146; x_wconf 73' lang='grc'>(3)</span> <span class='ocrx_word' id='word_1_173' title='bbox 196 3085 233 3134; x_wconf 79' lang='lat' dir='ltr'>ite</span> <span class='ocrx_word' id='word_1_174' title='bbox 248 3084 323 3134; x_wconf 82' lang='lat' dir='ltr'>meris</span> <span class='ocrx_word' id='word_1_175' title='bbox 332 3084 478 3137; x_wconf 74' lang='lat' dir='ltr'>comesturis</span> <span class='ocrx_word' id='word_1_176' title='bbox 491 3083 569 3135; x_wconf 80' lang='lat' dir='ltr'>innixi</span> <span class='ocrx_word' id='word_1_177' title='bbox 582 3085 642 3135; x_wconf 83' lang='lat' dir='ltr'>haee</span> <span class='ocrx_word' id='word_1_178' title='bbox 653 3083 787 3134; x_wconf 82' lang='lat' dir='ltr'>affirmasse</span> <span class='ocrx_word' id='word_1_179' title='bbox 803 3082 946 3144; x_wconf 70' lang='lat' dir='ltr'>uideamur,</span> <span class='ocrx_word' id='word_1_180' title='bbox 964 3080 1054 3131; x_wconf 77' lang='lat' dir='ltr'>iuverit</span> <span class='ocrx_word' id='word_1_181' title='bbox 1070 3079 1125 3130; x_wconf 88' lang='lat' dir='ltr'>heic</span> <span class='ocrx_word' id='word_1_182' title='bbox 1139 3077 1181 3129; x_wconf 83' lang='lat' dir='ltr'>de·</span> 
     </span>
     <span class='ocr_line' id='line_1_24' title="bbox 77 3157 1181 3229; baseline -0.004 -17"><span class='ocrx_word' id='word_1_183' title='bbox 77 3163 196 3226; x_wconf 63' lang='lat' dir='ltr'>adhue,</span> <span class='ocrx_word' id='word_1_184' title='bbox 214 3177 279 3227; x_wconf 88' lang='lat' dir='ltr'>qnae</span> <span class='ocrx_word' id='word_1_185' title='bbox 293 3164 382 3214; x_wconf 86' lang='lat' dir='ltr'>doctus</span> <span class='ocrx_word' id='word_1_186' title='bbox 398 3164 572 3229; x_wconf 68' lang='lat' dir='ltr'>albaspinaeus</span> <span class='ocrx_word' id='word_1_187' title='bbox 587 3165 714 3215; x_wconf 75' lang='lat' dir='ltr'>adnotavit</span> <span class='ocrx_word' id='word_1_188' title='bbox 729 3164 773 3214; x_wconf 84' lang='lat' dir='ltr'>tib.</span> <span class='ocrx_word' id='word_1_189' title='bbox 786 3165 806 3213; x_wconf 93' lang='lat' dir='ltr'>i.</span> <span class='ocrx_word' id='word_1_190' title='bbox 818 3163 996 3214; x_wconf 78' lang='lat' dir='ltr'>observatias.</span> <span class='ocrx_word' id='word_1_191' title='bbox 1005 3159 1038 3210; x_wconf 81' lang='lat' dir='ltr'>de</span> <span class='ocrx_word' id='word_1_192' title='bbox 1049 3157 1181 3211; x_wconf 67' lang='lat' dir='ltr'>vetentur</span> 
     </span>
     <span class='ocr_line' id='line_1_25' title="bbox 78 3240 1180 3309; baseline -0.006 -15"><span class='ocrx_word' id='word_1_193' title='bbox 78 3243 195 3294; x_wconf 63' lang='lat' dir='ltr'>mimae</span> <span class='ocrx_word' id='word_1_194' title='bbox 207 3244 308 3295; x_wconf 77' lang='lat' dir='ltr'>ritibus</span> <span class='ocrx_word' id='word_1_195' title='bbox 321 3244 444 3295; x_wconf 69' lang='lat' dir='ltr'>owner.</span> <span class='ocrx_word' id='word_1_196' title='bbox 457 3247 543 3296; x_wconf 78' lang='lat' dir='ltr'>xxiv.</span> <span class='ocrx_word' id='word_1_197' title='bbox 552 3245 594 3294; x_wconf 86' lang='lat' dir='ltr'>nbi</span> <span class='ocrx_word' id='word_1_198' title='bbox 607 3246 741 3309; x_wconf 78' lang='lat' dir='ltr'>explanans</span> <span class='ocrx_word' id='word_1_199' title='bbox 751 3243 826 3294; x_wconf 79' lang='lat' dir='ltr'>rerba</span> <span class='ocrx_word' id='word_1_200' title='bbox 836 3241 993 3292; x_wconf 66' lang='lat' dir='ltr'>tertuliani:</span> <span class='ocrx_word' id='word_1_201' title='bbox 1006 3241 1090 3289; x_wconf 71' lang='lat' dir='ltr'>Mirm</span> <span class='ocrx_word' id='word_1_202' title='bbox 1099 3240 1180 3288; x_wconf 81' lang='lat' dir='ltr'>conri-</span> 
     </span>
     <span class='ocr_line' id='line_1_26' title="bbox 77 3317 1184 3387; baseline -0.002 -19"><span class='ocrx_word' id='word_1_203' title='bbox 77 3319 211 3372; x_wconf 68' lang='lat' dir='ltr'>cmm</span> <span class='ocrx_word' id='word_1_204' title='bbox 220 3326 478 3386; x_wconf 72' lang='lat' dir='ltr'>praevaricationes</span> <span class='ocrx_word' id='word_1_205' title='bbox 487 3340 497 3384; x_wconf 85' lang='lat'>,·</span> <span class='ocrx_word' id='word_1_206' title='bbox 511 3323 571 3374; x_wconf 86' lang='lat' dir='ltr'>item</span> <span class='ocrx_word' id='word_1_207' title='bbox 580 3334 610 3374; x_wconf 82' lang='lat' dir='ltr'>ee</span> <span class='ocrx_word' id='word_1_208' title='bbox 620 3336 684 3387; x_wconf 86' lang='lat' dir='ltr'>qnae</span> <span class='ocrx_word' id='word_1_209' title='bbox 693 3324 807 3386; x_wconf 77' lang='lat' dir='ltr'>leguntur</span> <span class='ocrx_word' id='word_1_210' title='bbox 816 3322 842 3370; x_wconf 90' lang='lat' dir='ltr'>in</span> <span class='ocrx_word' id='word_1_211' title='bbox 853 3318 962 3370; x_wconf 63' lang='lat' dir='ltr'>eosdm</span> <span class='ocrx_word' id='word_1_212' title='bbox 978 3317 1043 3368; x_wconf 81' lang='lat' dir='ltr'>libro</span> <span class='ocrx_word' id='word_1_213' title='bbox 1053 3318 1089 3368; x_wconf 81' lang='lat' dir='ltr'>De</span> <span class='ocrx_word' id='word_1_214' title='bbox 1099 3329 1184 3367; x_wconf 82' lang='lat' dir='ltr'>mono·</span> 
     </span>
     <span class='ocr_line' id='line_1_27' title="bbox 75 3395 1183 3466; baseline 0.009 -18"><span class='ocrx_word' id='word_1_215' title='bbox 75 3401 164 3460; x_wconf 75' lang='lat' dir='ltr'>garria:</span> <span class='ocrx_word' id='word_1_216' title='bbox 171 3404 262 3465; x_wconf 80' lang='lat' dir='ltr'>petere</span> <span class='ocrx_word' id='word_1_217' title='bbox 272 3401 443 3451; x_wconf 69' lang='lat' dir='ltr'>maritumae</span> <span class='ocrx_word' id='word_1_218' title='bbox 453 3405 596 3466; x_wconf 77' lang='lat' dir='ltr'>episcopeo</span> <span class='ocrx_word' id='word_1_219' title='bbox 608 3401 699 3452; x_wconf 78' lang='lat' dir='ltr'>video.</span> <span class='ocrx_word' id='word_1_220' title='bbox 713 3422 725 3444; x_wconf 73' lang='grc' dir='ltr'>ιι</span> <span class='ocrx_word' id='word_1_221' title='bbox 734 3399 839 3462; x_wconf 72' lang='lat' dir='ltr'>reperi,</span> <span class='ocrx_word' id='word_1_222' title='bbox 856 3397 952 3458; x_wconf 69' lang='lat' dir='ltr'>indust,</span> <span class='ocrx_word' id='word_1_223' title='bbox 967 3396 993 3446; x_wconf 72' lang='lat'>¹⁰</span> <span class='ocrx_word' id='word_1_224' title='bbox 1004 3395 1105 3446; x_wconf 57' lang='grc' dir='ltr'>ΜΝ·</span> <span class='ocrx_word' id='word_1_225' title='bbox 1121 3395 1183 3446; x_wconf 69' lang='grc' dir='ltr'>01Ῑῦ</span> 
     </span>
     <span class='ocr_line' id='line_1_28' title="bbox 78 3474 1184 3542; baseline -0.002 -15"><span class='ocrx_word' id='word_1_226' title='bbox 78 3481 192 3529; x_wconf 79' lang='lat' dir='ltr'>staintmn</span> <span class='ocrx_word' id='word_1_227' title='bbox 203 3493 236 3530; x_wconf 87' lang='lat' dir='ltr'>ne</span> <span class='ocrx_word' id='word_1_228' title='bbox 247 3480 378 3542; x_wconf 60' lang='lat' dir='ltr'>numnam</span> <span class='ocrx_word' id='word_1_229' title='bbox 387 3492 488 3530; x_wconf 77' lang='lat' dir='ltr'>nxorern</span> <span class='ocrx_word' id='word_1_230' title='bbox 505 3480 620 3539; x_wconf 72' lang='lat' dir='ltr'>duraret,</span> <span class='ocrx_word' id='word_1_231' title='bbox 632 3481 676 3528; x_wconf 87' lang='lat' dir='ltr'>aot</span> <span class='ocrx_word' id='word_1_232' title='bbox 685 3476 817 3540; x_wconf 82' lang='lat' dir='ltr'>dennptiis</span> <span class='ocrx_word' id='word_1_233' title='bbox 833 3475 966 3538; x_wconf 69' lang='lat' dir='ltr'>cogitaret,</span> <span class='ocrx_word' id='word_1_234' title='bbox 979 3475 1040 3538; x_wconf 80' lang='lat' dir='ltr'>quin</span> <span class='ocrx_word' id='word_1_235' title='bbox 1059 3474 1129 3540; x_wconf 86' lang='lat' dir='ltr'>prius</span> <span class='ocrx_word' id='word_1_236' title='bbox 1143 3487 1184 3525; x_wconf 88' lang='lat' dir='ltr'>ec·</span> 
     </span>
     <span class='ocr_line' id='line_1_29' title="bbox 78 3553 1182 3622; baseline -0.005 -13"><span class='ocrx_word' id='word_1_237' title='bbox 78 3559 188 3621; x_wconf 65' lang='lat' dir='ltr'>cidara,</span> <span class='ocrx_word' id='word_1_238' title='bbox 198 3559 226 3610; x_wconf 83' lang='lat' dir='ltr'>id</span> <span class='ocrx_word' id='word_1_239' title='bbox 237 3561 276 3609; x_wconf 86' lang='lat' dir='ltr'>eat</span> <span class='ocrx_word' id='word_1_240' title='bbox 286 3560 443 3622; x_wconf 82' lang='lat' dir='ltr'>episcopum,</span> <span class='ocrx_word' id='word_1_241' title='bbox 454 3559 606 3619; x_wconf 82' lang='lat' dir='ltr'>sacerdotes,</span> <span class='ocrx_word' id='word_1_242' title='bbox 621 3557 723 3616; x_wconf 80' lang='lat' dir='ltr'>vidore,</span> <span class='ocrx_word' id='word_1_243' title='bbox 739 3558 896 3618; x_wconf 68' lang='lat' dir='ltr'>reumaque</span> <span class='ocrx_word' id='word_1_244' title='bbox 910 3555 1003 3606; x_wconf 73' lang='lat' dir='ltr'>darom</span> <span class='ocrx_word' id='word_1_245' title='bbox 1020 3553 1182 3606; x_wconf 82' lang='lat' dir='ltr'>consuluisset</span> 
     </span>
     <span class='ocr_line' id='line_1_30' title="bbox 78 3632 1184 3703; baseline -0.006 -12"><span class='ocrx_word' id='word_1_246' title='bbox 78 3638 157 3702; x_wconf 59' lang='lat' dir='ltr'>&amp;aaa</span> <span class='ocrx_word' id='word_1_247' title='bbox 167 3639 322 3691; x_wconf 65' lang='lat' dir='ltr'>conditones</span> <span class='ocrx_word' id='word_1_248' title='bbox 338 3640 413 3691; x_wconf 78' lang='lat' dir='ltr'>tutori</span> <span class='ocrx_word' id='word_1_249' title='bbox 430 3641 556 3703; x_wconf 66' lang='lat' dir='ltr'>coningo,</span> <span class='ocrx_word' id='word_1_250' title='bbox 564 3641 669 3701; x_wconf 85' lang='lat' dir='ltr'>statum,</span> <span class='ocrx_word' id='word_1_251' title='bbox 682 3637 949 3701; x_wconf 54' lang='lat' dir='ltr'>religiosissimam,</span> <span class='ocrx_word' id='word_1_252' title='bbox 962 3635 1065 3700; x_wconf 83' lang='lat' dir='ltr'>patriam</span> <span class='ocrx_word' id='word_1_253' title='bbox 1076 3632 1184 3696; x_wconf 82' lang='lat' dir='ltr'>deniqne</span> 
     </span>
     <span class='ocr_line' id='line_1_31' title="bbox 79 3718 405 3781; baseline 0.003 -13"><span class='ocrx_word' id='word_1_254' title='bbox 79 3719 213 3769; x_wconf 67' lang='lat' dir='ltr'>aarum</span> <span class='ocrx_word' id='word_1_255' title='bbox 226 3718 405 3781; x_wconf 74' lang='lat' dir='ltr'>exposuisset.-</span> 
     </span>
    </p>

    <p class='ocr_par' dir='ltr' id='par_1_5' title="bbox 76 3792 1194 4422">
     <span class='ocr_line' id='line_1_32' title="bbox 145 3792 1181 3863; baseline -0.006 -15"><span class='ocrx_word' id='word_1_256' title='bbox 145 3801 177 3848; x_wconf 78' lang='lat' dir='ltr'>st</span> <span class='ocrx_word' id='word_1_257' title='bbox 192 3799 267 3862; x_wconf 82' lang='lat' dir='ltr'>panio</span> <span class='ocrx_word' id='word_1_258' title='bbox 278 3801 347 3863; x_wconf 83' lang='lat' dir='ltr'>post:</span> <span class='ocrx_word' id='word_1_259' title='bbox 359 3819 371 3841; x_wconf 71' lang='lat' dir='ltr'>a</span> <span class='ocrx_word' id='word_1_260' title='bbox 382 3800 494 3862; x_wconf 77' lang='lat' dir='ltr'>Nuptias,</span> <span class='ocrx_word' id='word_1_261' title='bbox 511 3811 590 3863; x_wconf 79' lang='lat' dir='ltr'>neone</span> <span class='ocrx_word' id='word_1_262' title='bbox 602 3800 694 3859; x_wconf 81' lang='lat' dir='ltr'>iecere,</span> <span class='ocrx_word' id='word_1_263' title='bbox 705 3811 784 3860; x_wconf 82' lang='lat' dir='ltr'>neque</span> <span class='ocrx_word' id='word_1_264' title='bbox 794 3796 989 3860; x_wconf 69' lang='lat' dir='ltr'>deiawiqurm</span> <span class='ocrx_word' id='word_1_265' title='bbox 1003 3793 1135 3846; x_wconf 82' lang='lat' dir='ltr'>mulierum</span> <span class='ocrx_word' id='word_1_266' title='bbox 1144 3792 1181 3843; x_wconf 79' lang='lat' dir='ltr'>far</span> 
     </span>
     <span class='ocr_line' id='line_1_33' title="bbox 76 3872 1185 3942; baseline -0.005 -15"><span class='ocrx_word' id='word_1_267' title='bbox 76 3879 253 3942; x_wconf 71' lang='lat' dir='ltr'>erateogitare,</span> <span class='ocrx_word' id='word_1_268' title='bbox 262 3878 324 3942; x_wconf 79' lang='lat' dir='ltr'>quin</span> <span class='ocrx_word' id='word_1_269' title='bbox 334 3878 453 3942; x_wconf 77' lang='lat' dir='ltr'>princper</span> <span class='ocrx_word' id='word_1_270' title='bbox 462 3879 560 3930; x_wconf 81' lang='lat' dir='ltr'>easdem</span> <span class='ocrx_word' id='word_1_271' title='bbox 569 3877 988 3940; x_wconf 79' lang='lat' dir='ltr'>viduas(diaeonisaas)epiarepum</span> <span class='ocrx_word' id='word_1_272' title='bbox 998 3872 1185 3925; x_wconf 81' lang='lat' dir='ltr'>consuluissent.</span> 
     </span>
     <span class='ocr_line' id='line_1_34' title="bbox 79 3953 1184 4022; baseline -0.004 -14"><span class='ocrx_word' id='word_1_273' title='bbox 79 3959 158 4008; x_wconf 60' lang='lat' dir='ltr'>Puera</span> <span class='ocrx_word' id='word_1_274' title='bbox 174 3959 249 4022; x_wconf 77' lang='lat' dir='ltr'>igitur</span> <span class='ocrx_word' id='word_1_275' title='bbox 268 3959 384 4008; x_wconf 75' lang='lat' dir='ltr'>maritimi</span> <span class='ocrx_word' id='word_1_276' title='bbox 396 3972 411 4008; x_wconf 87' lang='lat' dir='ltr'>a</span> <span class='ocrx_word' id='word_1_277' title='bbox 423 3958 511 4022; x_wconf 82' lang='lat' dir='ltr'>vidua,</span> <span class='ocrx_word' id='word_1_278' title='bbox 521 3961 626 4010; x_wconf 81' lang='lat' dir='ltr'>eatooni</span> <span class='ocrx_word' id='word_1_279' title='bbox 641 3957 716 4008; x_wconf 86' lang='lat' dir='ltr'>vidos</span> <span class='ocrx_word' id='word_1_280' title='bbox 730 3957 911 4008; x_wconf 72' lang='lat' dir='ltr'>wmmnmcare</span> <span class='ocrx_word' id='word_1_281' title='bbox 926 3956 970 4018; x_wconf 87' lang='lat' dir='ltr'>(et</span> <span class='ocrx_word' id='word_1_282' title='bbox 983 3966 1027 4017; x_wconf 87' lang='lat' dir='ltr'>per</span> <span class='ocrx_word' id='word_1_283' title='bbox 1045 3953 1110 4004; x_wconf 80' lang='lat' dir='ltr'>trauc</span> <span class='ocrx_word' id='word_1_284' title='bbox 1125 3965 1184 4004; x_wconf 79' lang='lat' dir='ltr'>aaut</span> 
     </span>
     <span class='ocr_line' id='line_1_35' title="bbox 79 4033 1183 4103; baseline -0.006 -13"><span class='ocrx_word' id='word_1_285' title='bbox 79 4038 189 4103; x_wconf 68' lang='lat' dir='ltr'>eeaoopo</span> <span class='ocrx_word' id='word_1_286' title='bbox 200 4038 215 4101; x_wconf 71' lang='lat' dir='ltr'>t</span> <span class='ocrx_word' id='word_1_287' title='bbox 226 4039 279 4102; x_wconf 83' lang='lat' dir='ltr'>oui,</span> <span class='ocrx_word' id='word_1_288' title='bbox 291 4039 336 4089; x_wconf 85' lang='lat' dir='ltr'>aut</span> <span class='ocrx_word' id='word_1_289' title='bbox 355 4051 404 4102; x_wconf 81' lang='lat' dir='ltr'>quii</span> <span class='ocrx_word' id='word_1_290' title='bbox 422 4036 453 4090; x_wconf 84' lang='lat' dir='ltr'>de</span> <span class='ocrx_word' id='word_1_291' title='bbox 469 4050 543 4089; x_wconf 83' lang='lat' dir='ltr'>oansa</span> <span class='ocrx_word' id='word_1_292' title='bbox 558 4037 687 4102; x_wconf 61' lang='lat' dir='ltr'>quaedam</span> <span class='ocrx_word' id='word_1_293' title='bbox 697 4037 790 4088; x_wconf 70' lang='lat' dir='ltr'>nahae</span> <span class='ocrx_word' id='word_1_294' title='bbox 800 4036 881 4087; x_wconf 76' lang='lat' dir='ltr'>veliet</span> <span class='ocrx_word' id='word_1_295' title='bbox 892 4037 921 4085; x_wconf 89' lang='lat' dir='ltr'>in</span> <span class='ocrx_word' id='word_1_296' title='bbox 931 4033 1034 4085; x_wconf 74' lang='lat' dir='ltr'>endem</span> <span class='ocrx_word' id='word_1_297' title='bbox 1048 4035 1121 4098; x_wconf 83' lang='lat' dir='ltr'>piane</span> <span class='ocrx_word' id='word_1_298' title='bbox 1131 4045 1183 4084; x_wconf 85' lang='lat' dir='ltr'>sen·</span> 
     </span>
     <span class='ocr_line' id='line_1_36' title="bbox 78 4112 1186 4183; baseline -0.009 -11"><span class='ocrx_word' id='word_1_299' title='bbox 78 4119 176 4171; x_wconf 59' lang='lat' dir='ltr'>teau</span> <span class='ocrx_word' id='word_1_300' title='bbox 188 4119 333 4183; x_wconf 62' lang='lat' dir='ltr'>auom</span> <span class='ocrx_word' id='word_1_301' title='bbox 351 4122 423 4182; x_wconf 82' lang='lat' dir='ltr'>aaut,</span> <span class='ocrx_word' id='word_1_302' title='bbox 439 4131 503 4182; x_wconf 75' lang='lat' dir='ltr'>onae</span> <span class='ocrx_word' id='word_1_303' title='bbox 519 4117 604 4182; x_wconf 60' lang='lat' dir='ltr'>mari</span> <span class='ocrx_word' id='word_1_304' title='bbox 619 4118 684 4169; x_wconf 85' lang='lat' dir='ltr'>iibro</span> <span class='ocrx_word' id='word_1_305' title='bbox 699 4117 825 4180; x_wconf 56' lang='lat' dir='ltr'>tasnatum</span> <span class='ocrx_word' id='word_1_306' title='bbox 841 4117 867 4166; x_wconf 78' lang='lat' dir='ltr'>ct</span> <span class='ocrx_word' id='word_1_307' title='bbox 883 4113 925 4165; x_wconf 74' lang='lat' dir='ltr'>ilii</span> <span class='ocrx_word' id='word_1_308' title='bbox 936 4113 1019 4178; x_wconf 77' lang='lat' dir='ltr'>pleae</span> <span class='ocrx_word' id='word_1_309' title='bbox 1031 4115 1070 4165; x_wconf 77' lang='lat' dir='ltr'>atr</span> <span class='ocrx_word' id='word_1_310' title='bbox 1081 4112 1186 4164; x_wconf 70' lang='lat' dir='ltr'>Monoi</span> 
     </span>
     <span class='ocr_line' id='line_1_37' title="bbox 78 4191 1194 4265; baseline -0.008 -14"><span class='ocrx_word' id='word_1_311' title='bbox 78 4211 170 4250; x_wconf 72' lang='lat' dir='ltr'>mea</span> <span class='ocrx_word' id='word_1_312' title='bbox 180 4203 207 4251; x_wconf 79' lang='lat' dir='ltr'>et</span> <span class='ocrx_word' id='word_1_313' title='bbox 217 4203 290 4251; x_wconf 76' lang='lat' dir='ltr'>siros</span> <span class='ocrx_word' id='word_1_314' title='bbox 304 4197 589 4265; x_wconf 64' lang='lat' dir='ltr'>quomododaeceidm</span> <span class='ocrx_word' id='word_1_315' title='bbox 600 4197 659 4248; x_wconf 83' lang='lat' dir='ltr'>data</span> <span class='ocrx_word' id='word_1_316' title='bbox 669 4199 734 4249; x_wconf 71' lang='lat' dir='ltr'>emm</span> <span class='ocrx_word' id='word_1_317' title='bbox 749 4208 838 4246; x_wconf 75' lang='lat' dir='ltr'>uxorea</span> <span class='ocrx_word' id='word_1_318' title='bbox 849 4194 965 4258; x_wconf 62' lang='lat' dir='ltr'>droca,</span> <span class='ocrx_word' id='word_1_319' title='bbox 976 4193 1038 4245; x_wconf 76' lang='lat' dir='ltr'>nihii</span> <span class='ocrx_word' id='word_1_320' title='bbox 1049 4191 1117 4244; x_wconf 78' lang='lat' dir='ltr'>aliud</span> <span class='ocrx_word' id='word_1_321' title='bbox 1131 4192 1194 4265; x_wconf 57' lang='lat' dir='ltr'>aeto⁸</span> 
     </span>
     <span class='ocr_line' id='line_1_38' title="bbox 78 4271 1194 4343; baseline -0.007 -16"><span class='ocrx_word' id='word_1_322' title='bbox 78 4291 150 4339; x_wconf 84' lang='lat' dir='ltr'>quarn</span> <span class='ocrx_word' id='word_1_323' title='bbox 168 4277 277 4330; x_wconf 77' lang='lat' dir='ltr'>nobmdi</span> <span class='ocrx_word' id='word_1_324' title='bbox 295 4280 446 4343; x_wconf 62' lang='lat' dir='ltr'>potantem</span> <span class='ocrx_word' id='word_1_325' title='bbox 455 4279 559 4329; x_wconf 67' lang='lat' dir='ltr'>iaoemn</span> <span class='ocrx_word' id='word_1_326' title='bbox 570 4280 636 4329; x_wconf 84' lang='lat' dir='ltr'>inter</span> <span class='ocrx_word' id='word_1_327' title='bbox 650 4273 843 4342; x_wconf 72' lang='lat' dir='ltr'>appensorii</span> <span class='ocrx_word' id='word_1_328' title='bbox 853 4271 989 4325; x_wconf 64' lang='lat' dir='ltr'>adm</span> <span class='ocrx_word' id='word_1_329' title='bbox 1001 4272 1058 4324; x_wconf 79' lang='lat' dir='ltr'>iitri</span> <span class='ocrx_word' id='word_1_330' title='bbox 1072 4272 1127 4324; x_wconf 84' lang='lat' dir='ltr'>xii.</span> <span class='ocrx_word' id='word_1_331' title='bbox 1140 4272 1194 4322; x_wconf 64' lang='lat' dir='ltr'>Fet</span> 
     </span>
     <span class='ocr_line' id='line_1_39' title="bbox 76 4353 1035 4422; baseline -0.006 -14"><span class='ocrx_word' id='word_1_332' title='bbox 76 4359 394 4422; x_wconf 63' lang='lat' dir='ltr'>minorationem.</span> <span class='ocrx_word' id='word_1_333' title='bbox 407 4363 445 4411; x_wconf 77' lang='lat' dir='ltr'>ie.</span> <span class='ocrx_word' id='word_1_334' title='bbox 457 4361 482 4409; x_wconf 84' lang='lat' dir='ltr'>et</span> <span class='ocrx_word' id='word_1_335' title='bbox 496 4369 552 4421; x_wconf 83' lang='lat' dir='ltr'>opp.</span> <span class='ocrx_word' id='word_1_336' title='bbox 568 4356 730 4422; x_wconf 72' lang='lat' dir='ltr'>tibuptnaei.</span> <span class='ocrx_word' id='word_1_337' title='bbox 744 4353 822 4407; x_wconf 77' lang='lat' dir='ltr'>Paris.</span> <span class='ocrx_word' id='word_1_338' title='bbox 835 4359 903 4409; x_wconf 66' lang='lat' dir='ltr'>ista</span> <span class='ocrx_word' id='word_1_339' title='bbox 916 4365 970 4417; x_wconf 61' lang='lat' dir='ltr'>pag.</span> <span class='ocrx_word' id='word_1_340' title='bbox 982 4356 1035 4404; x_wconf 73' lang='lat' dir='ltr'>tit.</span> 
     </span>
    </p>
   </div>
   <div class='ocr_carea' id='block_1_4' title="bbox 0 0 1410 5062">
    <p class='ocr_par' dir='ltr' id='par_1_6' title="bbox 0 0 1410 5062">
     <span class='ocr_line' id='line_1_40' title="bbox 0 0 1410 5062; baseline 0 0"><span class='ocrx_word' id='word_1_341' title='bbox 0 0 1410 5062; x_wconf 95' lang='lat' dir='ltr'> </span> 
     </span>
    </p>
   </div>
  </div>
 </body>
</html>
