2804 5062
261 326 330 401 ltu
454 346 516 397 rm.
536 344 573 397 u.
593 343 681 398 srcr.
702 344 834 396 urens.
853 345 893 395 nr
919 343 1047 397 rorrsr.
1068 343 1179 398 usur.
1226 405 1229 408 ,

259 461 413 566 expedit,
440 463 619 539 convenire
643 462 903 564 compellimus,
937 462 1044 539 inicos
1076 463 1295 564 permittimus
1315 467 1350 540 in·

263 596 400 658 teresse.
429 578 472 654 Ut
494 605 583 681 quae
608 605 629 653 a
652 580 731 653 solis
752 579 961 680 pontificibus
994 578 1184 655 ordinando
1208 597 1306 667 sunt,
1331 599 1355 658 ct

261 695 408 798 populus
433 695 542 796 possit
564 720 747 794 agnoscere
762 694 978 794 (ilpsllrgo
1002 694 1130 770 frustra
1149 695 1355 798 spalatensis,

262 810 433 887 launoius
463 811 632 912 ceterique
663 837 779 886 eorum
812 826 993 888 sectatores
1018 810 1075 888 his
1111 811 1358 889 innitunturad

262 926 437 1027 proprium
461 925 594 1001 axioma
620 923 842 1015 firmandum,
862 951 939 1000 cum
960 951 1001 1003 ex
1019 926 1064 1001 iis
1087 928 1297 1003 contrarium
1312 927 1360 1002 le

262 1038 382 1114 beetur
397 1040 487 1136 (it).

336 1153 374 1226 ld
388 1154 504 1254 ipsum
516 1152 649 1229 dicatur
660 1152 704 1227 de
715 1153 869 1229 conciliis
881 1154 1076 1244 cremensi,
1091 1171 1129 1230 et
1142 1157 1315 1232 turonensi
1325 1156 1359 1228 ll.

261 1294 350 1372 quse
367 1295 429 1371 pro
445 1296 485 1345 se
502 1270 628 1371 proiert
642 1270 692 1343 lle
703 1269 857 1345 Dominis
875 1270 1047 1346 scribens:
1063 1270 1288 1348 «dusmense
1300 1296 1363 1347 rem

262 1385 389 1489 gradus
406 1384 562 1475 eosdem,
584 1385 730 1485 primum
751 1401 785 1461 et
808 1385 994 1462 secundum
1014 1412 1293 1488 quaquaversum
1307 1413 1363 1460 mn·

265 1500 423 1577 trimonia
446 1499 541 1575 nulla
564 1501 653 1576 ellici
680 1499 794 1591 docet,
821 1517 923 1602 elque
947 1528 988 1576 ex
1012 1502 1185 1592 Levitico,
1206 1520 1296 1578 etex
1316 1529 1363 1577 nc

264 1615 364 1695 turdi
391 1618 578 1719 aequitate,
603 1615 646 1693 eh
672 1617 825 1721 exemplo
840 1616 1011 1718 Apostoli,
1031 1633 1066 1693 et
1081 1618 1224 1695 statutis
1250 1635 1363 1720 petrum

262 1732 347 1808 istas
364 1733 557 1810 corroboret
573 1732 829 1834 prohibitiones.
842 1734 1008 1808 'lumnica
1026 1733 1185 1838 synodus
1198 1734 1303 1811 altera
1316 1760 1363 1837 pru
1384 1768 1388 1779 ¹

262 1846 319 1924 his
345 1848 433 1951 ipsis
457 1849 761 1948 consanguinitatis
778 1865 812 1926 et
828 1849 1024 1938 affinitatis,
1049 1875 1119 1925 non
1144 1849 1239 1927 ultra
1262 1877 1362 1928 smus

263 1960 346 2037 dnm
371 1963 514 2064 gradum
547 1963 797 2064 impedimentis
830 1964 1071 2041 confirmandis
1095 1965 1207 2043 utitur
1236 1968 1362 2070 primum

263 2077 427 2168 levitico,
446 2078 571 2154 deinde
586 2080 727 2155 resumit
743 2106 889 2156 canones
906 2079 1197 2173 aurelianensem,
1212 2109 1362 2184 epaonen-

263 2219 361 2284 sem,
389 2210 664 2271 mosomensem
693 2197 807 2293 (26).»
832 2197 916 2270 Nam
941 2196 1016 2297 ipso
1045 2213 1208 2298 apostata
1231 2200 1359 2284 isene,

262 2308 400 2386 leuitici
425 2325 552 2387 statuta
568 2310 679 2411 quoad
695 2311 900 2387 christianos
911 2312 979 2387 rim
993 2311 1166 2388 hebebant
1176 2340 1222 2388 ex
1234 2329 1361 2415 accepts·

264 2424 356 2501 tione
372 2426 549 2502 ecclesiae.
570 2427 654 2500 Cum
677 2443 848 2527 praeterea
865 2428 984 2503 eadem
997 2428 1142 2503 concilia
1160 2431 1361 2530 profiteantur

267 2567 306 2616 se
322 2541 476 2641 Apostoli
494 2559 528 2618 et
538 2559 675 2641 potrum
695 2559 819 2618 statuto
837 2545 1040 2634 consectari,
1056 2546 1233 2647 quomodo
1252 2573 1290 2621 aa
1304 2570 1361 2646 pro

266 2654 353 2728 ferro
377 2656 484 2758 potuit
504 2656 547 2729 nd
569 2656 778 2756 probandum
796 2684 942 2732 canones
968 2685 1005 2733 se
1029 2659 1243 2735 conformare
1260 2660 1293 2732 in
1307 2674 1361 2733 stu·

264 2769 399 2844 tuendis
427 2770 677 2870 impedimentis
703 2771 835 2870 legibus
859 2773 1048 2873 principum
1066 2769 1360 2872 secularium(2l)l

336 3024 387 3089 (ii)
403 3028 431 3076 in
448 3025 555 3078 collect.
569 3026 733 3092 amplissimo
746 3027 840 3081 conell.
855 3030 949 3080 veneis
963 3030 1163 3081 torn.vil1.coi.
1176 3038 1233 3084 istc.

337 3105 388 3168 (²5)
403 3108 458 3157 iiuc
480 3108 573 3170 speciei
590 3120 684 3171 ceusu,
705 3121 769 3171 quse
788 3109 879 3173 agitatu
893 3112 931 3160 est
945 3110 971 3160 in
986 3109 1092 3160 concilio
1108 3109 1259 3174 lugdunensi
1274 3113 1293 3162 1.
1303 3107 1359 3176 paulo

264 3188 320 3251 post
335 3199 471 3251 epaonense
481 3186 603 3238 celebrato
613 3187 659 3238 sub
668 3187 754 3239 eodem
769 3202 791 3240 s.
799 3189 953 3253 virentioio,
964 3189 995 3240 de
1006 3187 1114 3253 quodum
1124 3191 1191 3255 regis
1202 3205 1224 3242 s.
1232 3185 1359 3257 sigismundi

263 3267 376 3318 ministro
387 3269 486 3318 nornine
495 3267 618 3332 sieplrrno
630 3267 673 3332 qui
687 3267 792 3318 duxerat
806 3268 934 3320 deiunctae
949 3269 1034 3320 uxoris
1050 3281 1163 3320 sororem
1172 3289 1180 3334 ς
1190 3268 1359 3334 qnsmvtsniu

256 3360 307 3397 rex
323 3347 345 3399 ci
361 3347 550 3412 suistsgareiur,
566 3350 648 3398 tumen
664 3360 799 3412 numquam
821 3347 911 3399 adduci
934 3350 1066 3412 potueruut
1085 3351 1182 3414 patres,
1199 3353 1229 3402 ut
1243 3353 1316 3401 nun
1328 3347 1358 3396 is·

264 3427 349 3478 herent
365 3428 429 3479 istud
446 3428 601 3492 coniugium,
619 3442 648 3478 uc
664 3427 804 3478 minisirum
819 3428 890 3478 illum
906 3428 1067 3493 poenitentiae
1082 3428 1245 3482 addixerunt.
1262 3425 1358 3492 citpul

263 3507 421 3558 sirmondum
433 3509 480 3558 loc.
491 3509 533 3559 cit.
543 3521 597 3571 pag.
609 3515 654 3558 2⁰²
666 3521 735 3571 seqq.

339 3589 440 3652 insuper
455 3591 536 3652 putres
551 3588 650 3638 concilii
672 3587 809 3651 agathensis
825 3586 857 3636 sd
873 3586 1067 3638 confirmandum
1090 3588 1295 3652 impedimentum
1307 3585 1357 3644 roll,

264 3666 347 3731 quoad
361 3667 515 3731 presbyteros
526 3671 551 3718 et
560 3668 677 3718 diaconos
688 3681 714 3719 se
727 3668 798 3718 unice
810 3668 917 3718 reierunt
932 3669 958 3719 in
970 3680 1025 3718 ran.
1037 3670 1080 3718 lli.
1092 3667 1124 3718 nd
1136 3671 1233 3720 rutulo
1248 3682 1305 3721 rom.
1314 3677 1357 3731 pol·

263 3747 357 3799 tticum
376 3747 456 3798 siricii
467 3752 491 3799 el
502 3748 637 3799 innocentii
648 3751 667 3797 Ι.

337 3828 388 3890 (26)
403 3827 467 3878 lbid.

335 3907 386 3970 (27)
398 3909 478 3972 Atque
494 3908 542 3959 linc
558 3908 660 3960 reieriur
669 3909 786 3973 praelatio
797 3909 894 3960 concilii
902 3909 1040 3960 turonensis
1048 3921 1137 3973 exque
1143 3910 1238 3962 clarius
1247 3907 1357 3976 appareill

264 3987 363 4050 propria
374 3988 518 4039 sucmriiaie
530 3988 704 4052 impedimenta
715 3990 883 4040 constituisse:
897 4010 908 4033 n
920 3992 1007 4054 lingna
1022 3991 1059 4039 est
1074 3990 1101 4040 in
1116 3990 1172 4055 ipsa
1186 3992 1312 4044 severtius
1322 3985 1357 4051 tlt

265 4068 316 4128 iss,
333 4079 465 4130 perquam
481 4069 577 4118 tollitur
594 4068 710 4133 peccandi
726 4069 837 4120 iacuitns.
853 4073 915 4121 Nem
933 4068 974 4119 ubi
992 4069 1078 4120 insane
1094 4069 1196 4121 ilbertus
1212 4072 1307 4135 μειοῖ
1318 4062 1356 4115 ill·

264 4158 336 4208 ners,
347 4146 506 4196 sacerdotalis
522 4147 643 4198 districtio
659 4149 702 4199 dat
718 4149 846 4199 medeinrn.
859 4152 1013 4213 Quapropter
1027 4149 1126 4200 Christo
1141 4150 1259 4214 suspice,
1272 4150 1296 4200 iu
1308 4149 1356 4197 turo

265 4225 319 4275 nica
330 4225 430 4276 civitais
446 4227 550 4277 concilio
563 4228 740 4293 concordante,
755 4229 824 4279 iunia
835 4230 1017 4281 conniventiam
1028 4228 1201 4293 gloriosissimi
1212 4225 1355 4282 daminois

263 4306 348 4362 dcent
360 4308 423 4374 regis
434 4309 578 4374 annuentis,
586 4309 718 4362 coadunati
729 4324 773 4378 pro
784 4324 844 4377 pure
853 4313 878 4363 et
887 4310 1047 4363 instnrctionc
1057 4311 1192 4378 oedoeise,
1201 4313 1355 4378 omissi!
