2804 5062
140 318 213 397 tto·
356 282 1036 393 'ttn.tr.sltet.1.nttrortsr.ttenfflc=
1132 332 1142 373 ’-

210 459 372 549 'Quintum
386 456 520 533 domum
539 457 827 558 principiumque
846 452 1031 534 adremarii
1051 454 1253 533 nunni-it

140 575 211 654 lud
218 595 288 666 est,
320 574 411 676 quod
435 573 616 648 reservatio
640 598 741 673 quam
767 573 839 651 sibi
858 573 943 648 solis
958 572 1136 649 rindioant
1161 590 1251 649 mm.

141 695 315 797 pontilioes
330 685 504 764 relaxandi
522 682 760 790 impedimenta
772 689 1020 764 matrimonium
1034 687 1253 779 dirimentis,

140 840 206 887 non
232 837 272 882 ex
297 807 410 906 aliquo
429 804 560 879 concilii
580 830 728 891 canone,
751 823 809 878 aut
825 832 865 878 ex
883 803 1041 878 denretali
1061 794 1182 905 aliqua
1201 830 1253 882 rn-

141 952 230 999 manr
222 916 425 1023 pontificis
452 917 611 1020 epistola,
633 944 721 1018 quae
744 920 780 991 in
805 918 890 992 iuris
918 919 1071 992 aanornei
1097 916 1253 997 oodioem

142 1039 303 1114 translata
315 1037 359 1109 sit
370 1034 634 1136 promanaverit,
655 1035 715 1107 sed
733 1060 773 1108 ex
790 1035 863 1109 sola
880 1026 1146 1122 eonsuetudine,
1161 1058 1253 1136 qnae

142 1181 163 1226 a
184 1177 242 1227 sex
258 1150 334 1251 plus
355 1149 468 1222 minus
488 1148 612 1222 seculis
629 1164 737 1222 ortum
748 1149 895 1236 babuit3
913 1173 954 1221 ex-
968 1173 1008 1225 eo
1022 1148 1156 1223 seilicet
1172 1164 1253 1223 tem·

144 1292 224 1367 pore
240 1291 307 1365 quo
327 1266 472 1366 primum
498 1289 584 1338 nova
606 1262 930 1363 dispensationum
920 1279 1052 1339 rnreeta
1069 1279 1125 1339 est
1148 1263 1253 1339 disei—

144 1383 247 1483 plina.
275 1382 345 1454 lam
369 1406 448 1454 vern
474 1394 586 1452 tantae
609 1378 662 1451 vis
688 1404 754 1452 non
780 1395 831 1453 est
856 1378 1100 1465 eonsuetndn,
1118 1396 1157 1453 ut
1179 1379 1253 1519 epi·

145 1520 265 1597 soopos
288 1494 434 1569 valeat
419 1518 488 1566 tare
513 1492 578 1566 sibi
600 1488 734 1592 proprio
761 1495 905 1623 privare:
963 1520 967 1578 ζ
995 1542 998 1547 ·

218 1614 396 1685 Possemus
421 1606 574 1682 absolute
598 1600 662 1682 hoo
687 1633 809 1706 negare
834 1609 1056 1709 principium,
1080 1625 1156 1683 tum
1172 1611 1253 1711 quin

147 1729 240 1800 iuxta
256 1749 316 1812 ea,
340 1749 427 1824 qnae
443 1737 541 1795 antea
561 1721 787 1810 ostendimus,
810 1723 1069 1797 assentientibus
1082 1723 1253 1801 bucnero

146 1854 180 1916 et
202 1835 458 1940 Van-Espenio,
487 1832 665 1912 concilium
687 1838 901 1913 tridentinum
928 1840 1172 1917 relaxationem
1194 1864 1253 1940 po·

148 1954 298 2032 metatam
325 1955 389 2030 soli
415 1980 497 2029 rom.
530 1953 678 2054 pontifici
704 1955 816 2055 reipsa
840 1954 1073 2042 confirmarit,
1107 1955 1253 2033 enm'rtd

148 2077 259 2202 ipsum
279 2070 431 2169 regulas
423 2097 457 2141 m
471 2069 734 2169 dispensationis
758 2069 890 2166 negotio
912 2069 1139 2201 praescriptas
1156 2090 1253 2171 pruo-

147 2188 247 2318 oipue
264 2182 402 2272 direxit3
425 2198 494 2256 tum
517 2184 597 2284 quia
614 2182 671 2258 bie
687 2182 796 2312 agitur
813 2185 855 2258 de
873 2200 1036 2285 potestate
1057 2174 1253 2261 inhaerente

149 2303 213 2400 ipsi
242 2300 400 2402 primatui
430 2324 531 2399 qnam
569 2299 696 2370 romani
726 2298 903 2398 pontifices
929 2298 1060 2397 absque
1085 2297 1193 2372 ullo
1182 2316 1253 2373 ture

149 2418 294 2516 positivo
314 2440 467 2488 sreroere
489 2413 686 2500 valuerunt,
708 2406 858 2513 adeoque
875 2439 962 2512 opus
981 2434 1054 2486 non
1065 2402 1253 2487 habuerim

149 2531 221 2603 sire
245 2529 378 2602 oonoilii
407 2555 552 2614 oenone,
581 2528 653 2601 sive
677 2526 818 2626 epistola
848 2526 1042 2600 decretali
1032 2552 1068 2596 m
1094 2528 1181 2601 iuris
1206 2550 1253 2601 on

150 2645 260 2718 nonici
286 2645 433 2717 codicem
468 2644 638 2717 translata.
668 2643 709 2714 Et
739 2644 875 2741 reipsa,
909 2642 1020 2715 oblata
1049 2638 1253 2729 occasionea

150 2752 304 2831 exercere
327 2783 401 2829 eam
428 2782 495 2829 non
520 2757 735 2851 dubitarunt,
763 2781 830 2828 non
856 2756 964 2829 solum
990 2758 1123 2830 nemine
1150 2757 1253 2831 mola·

150 2888 279 2958 mante,
308 2872 368 2945 sed
387 2871 476 2944 ultro
501 2872 669 2972 episcopis
690 2874 904 2970 urgentibus,
928 2888 965 2944 ut
984 2899 1023 2946 ea
1043 2873 1077 2943 in
1094 2862 1253 2947 eoelesllr't

150 2990 273 3062 bonum
295 3003 465 3060 uterentur
488 3012 569 3059 rom.
588 2989 776 3086 pontifices.
1246 3003 1251 3017 ‘

193 3106 339 3177 *verum
365 3120 402 3176 ut
428 3103 623 3176 insistamus
647 3105 680 3174 in
707 3105 782 3201 ipsa
808 3094 1076 3185 adversariorum
1101 3102 1253 3186 theoria,

150 3221 240 3319 qnod
258 3248 297 3294 ex
317 3220 388 3293 sola
406 3218 647 3292 consuetudine
665 3219 839 3317 pontilioes
858 3218 1145 3317 dispensaverint,
1165 3206 1253 3289 nibil

151 3334 260 3406 tam'en
285 3336 352 3433 ipsi
380 3327 587 3434 proficerent.
606 3337 687 3406 Nam
707 3350 837 3433 praeter
857 3360 957 3432 quarn
975 3332 1065 3432 quod
1084 3334 1160 3430 ipsa
1178 3340 1253 3404 odn-

152 3450 293 3522 snetudo
311 3466 358 3522 tot
376 3443 563 3523 seculorum
583 3450 668 3523 serie
687 3450 817 3520 firmata
835 3449 902 3521 vim
920 3439 1004 3545 legis
1022 3437 1253 3533 obtinet,'tdlln

153 3579 231 3634 sunt
243 3589 330 3660 quae
343 3588 416 3635 eam
426 3568 628 3637 comitantur
641 3564 810 3649 adiuncta,
823 3580 860 3636 ut
872 3563 1009 3659 infringi
1024 3559 1116 3633 nulla
1130 3559 1253 3633 retiam

153 3678 260 3776 possit
280 3703 320 3749 ao
342 3678 516 3751 infirmari.
539 3678 711 3776 Siquidem
732 3672 766 3748 l.
784 3677 950 3750 eiusmodi
968 3693 1020 3748 est
1036 3672 1253 3760 consuetudo,

152 3819 240 3890 quae
257 3791 299 3863 ab
318 3791 429 3891 aliquo
455 3793 605 3888 abrogari
632 3819 697 3864 non
723 3810 829 3891 potest
846 3794 928 3920 quin
948 3791 1047 3864 simul
1066 3817 1106 3863 ea
1124 3790 1177 3863 lex
1194 3812 1253 3862 ear

154 3907 284 3979 tissima
300 3908 457 3993 violetur,
474 3933 540 4006 qua
558 3908 748 3992 inhibetur
771 3904 906 4006 nequis
925 3906 1061 3978 inlerior
1079 3901 1253 4004 superiorit

155 4036 315 4093 statutum
345 4023 543 4120 infringere,
573 4040 628 4095 aut
654 4050 789 4121 quoquo
815 4023 914 4095 modo
944 4018 1121 4093 relaxare
1124 4042 1253 4120 praesu·

156 4152 234 4207 mat.
269 4139 301 4206 2
330 4138 502 4212 Eiusmodi
527 4153 578 4212 est
599 4140 683 4212 baec
703 4139 928 4225 consuetudo,
958 4164 1046 4237 quae
1072 4136 1143 4210 tolli
1171 4132 1253 4207 nulla

156 4252 281 4323 rationo
314 4269 446 4352 potest,
475 4255 555 4352 quin
584 4257 656 4327 iura
685 4255 882 4342 laedantur,
913 4281 1000 4354 quan
1023 4254 1082 4324 nni
1110 4249 1253 4351 pontilio
