2804 5062
189 361 1131 426 eir.a.semiarrianorumvruourcirn.sunu.
1180 356 1247 428 235

142 490 239 564 ueluti
261 489 358 564 nullu
383 505 442 563 aut
463 490 569 564 celati
587 489 740 564 doliola
758 490 1038 593 desponsamque
1063 493 1107 567 ab
1131 495 1249 570 eadem

139 621 184 682 est
195 605 443 681 «matrimonia
455 603 502 679 ibi
516 606 602 679 inter
619 606 793 680 henoticon
811 622 982 682 contracte
1001 608 1157 684 habenda
1173 636 1250 685 esse

135 720 176 796 ab
198 719 350 795 eeclesia
375 735 543 820 nosquam
566 720 755 796 invalido.»

204 836 337 912 Eadem
355 836 531 936 responsio
549 834 593 910 ab
613 836 678 911 hac
696 835 772 937 ipsa
789 863 945 937 congreg.
961 839 1041 913 data
1056 855 1107 915 est
1122 841 1249 916 vicario

133 951 283 1051 generali
305 952 488 1052 parisiensi
505 952 547 1025 D.
563 952 740 1042 D’Astros‚
763 953 1060 1030 nonobstantibus
1082 955 1249 1032 rationum
1319 1052 1321 1057 ι

133 1066 315 1142 momentis
345 1067 389 1141 ab
416 1093 458 1142 eo
481 1066 623 1168 prolatis
649 1094 710 1168 pro
739 1067 852 1143 valore
877 1069 1134 1168 coniugiorum,
1160 1097 1249 1171 quae
1320 1060 1323 1067 ¹

131 1182 379 1259 contrabuntur
396 1183 440 1257 ab
457 1183 637 1259 haereticis
659 1186 744 1257 {aar
767 1210 801 1258 se
825 1185 861 1257 in
886 1183 1022 1272 Galliis,
1043 1202 1078 1259 et
1094 1187 1249 1287 quamvis

131 1298 351 1375 affirmaverit
376 1299 507 1374 firmam
532 1299 660 1374 ibidem
685 1301 887 1375 sententiam
911 1300 1103 1402 praeualere
1129 1301 1173 1376 de
1197 1328 1251 1377 eo·

130 1416 285 1490 rumdem
305 1415 538 1514 coniugiorum
555 1415 685 1504 valore3
707 1416 810 1517 idque
826 1416 910 1492 seria
929 1418 981 1490 lv.
998 1417 1054 1492 die
1073 1420 1131 1491 hb.
1147 1417 1245 1494 Febr.

131 1530 237 1604 1817.

198 1645 315 1746 Atque
331 1643 415 1720 haec
427 1644 628 1722 documenta
644 1645 798 1723 attulisse
815 1647 982 1736 sufficiat,
1002 1674 1090 1748 quae
1107 1647 1248 1724 collecta

132 1776 209 1836 snut
221 1778 347 1836 tumen
360 1786 474 1860 congr.
492 1788 652 1862 suprema
664 1788 714 1836 ss.
731 1762 976 1863 inquisitionis,
989 1779 1059 1837 tum
1074 1790 1114 1839 ex
1128 1789 1243 1863 congr.

130 1875 287 1965 concilii,
321 1890 391 1949 tum
420 1903 461 1952 ex
491 1903 560 1952 sec.
590 1877 877 1978 poenitentiario,
914 1894 973 1952 aut
1001 1904 1042 1952 ex
1072 1879 1246 1978 responsis

131 2016 339 2067 summorum
353 1992 564 2092 pontificum,
581 2019 736 2094 quaeque
754 1992 906 2066 unanimi
925 1993 1147 2068 consensione
1164 2019 1246 2068 con·

130 2106 260 2206 spirant
285 2107 323 2180 in
347 2107 611 2206 pronunciandis
642 2107 800 2182 invalidis
831 2107 998 2205 coniugiis
1027 2107 1248 2182 clandestinis

130 2221 307 2310 omnibus,
337 2248 425 2322 quae
450 2221 616 2303 celebrata
641 2222 781 2311 luerint,
802 2244 860 2297 aut
880 2222 1091 2297 celebrentur
1113 2222 1185 2296 sive
1202 2221 1246 2296 ab

131 2335 312 2414 haereticis
325 2337 412 2412 inter
420 2365 469 2427 se,
483 2340 554 2413 sive
566 2338 610 2412 ab
623 2338 803 2413 haereticis
816 2364 893 2413 cum
906 2338 1081 2413 catholicis
1095 2336 1248 2412 ubicum-

131 2478 192 2553 que
217 2452 326 2529 semel
347 2452 447 2527 fuerit
465 2452 636 2528 decretum
655 2453 875 2528 tridentinum
888 2453 1149 2554 promulgatum.
1163 2453 1247 2525 Nam

132 2568 224 2668 plura
238 2569 309 2644 alia
322 2570 405 2641 mihi
420 2587 553 2668 praesto
565 2586 692 2657 essent,
703 2596 792 2669 quae
804 2568 989 2644 luculenter
1002 2569 1158 2643 evincunt
1170 2592 1247 2643 con·

131 2699 273 2758 stantem
292 2683 380 2756 banc
399 2684 505 2758 luisse
522 2701 555 2758 et
571 2710 648 2758 esse
665 2685 757 2758 sedis
778 2684 985 2783 apostolicae
1010 2682 1195 2758 doctrinam
1214 2697 1248 2756 et

133 2801 272 2898 praxim,
286 2825 441 2899 quaeque
460 2800 607 2899 prolerre
625 2825 778 2899 possem,
795 2800 824 2873 si
838 2825 923 2900 opus
937 2799 1050 2873 adbuc
1066 2815 1157 2900 esset
1170 2813 1248 2897 post

133 2939 166 2989 ea
177 2941 271 3015 quae
284 2913 449 2988 hactenus
472 2914 610 2988 adduxi.
627 2915 689 2987 llis
707 2914 837 2988 addunt
853 2914 1103 3012 impugnatores
1122 2913 1245 2987 valoris

136 3029 298 3105 eiusmodi
325 3030 577 3129 coniugiorum,
605 3057 783 3128 chamoam
807 3029 984 3103 ecclesiam
1010 3027 1062 3102 vel
1087 3028 1186 3102 unico
1210 3028 1246 3108 in

138 3167 209 3221 casu
243 3163 354 3220 ratum
387 3145 550 3220 habuisse
576 3146 794 3244 coniugium,
823 3146 914 3245 quod
939 3145 983 3219 ab
1008 3144 1188 3218 haereticis
1210 3141 1245 3214 in

138 3257 211 3338 locis
229 3263 266 3335 in
285 3261 413 3363 quibus
438 3261 646 3361 publicatum
670 3278 723 3335 est
743 3260 912 3335 decretum
936 3259 1169 3345 tridentinum,
1191 3281 1245 3330 ce·

141 3373 295 3453 lehratum
314 3378 430 3467 fuerit,
452 3379 652 3454 multavere
670 3380 784 3453 minus
801 3377 994 3474 coniugium
1012 3374 1164 3447 mixtum.

631 3640 667 3737 p.
698 3639 750 3710 rv.

233 3855 441 3916 nugamentorum
457 3865 521 3916 quae
534 3866 579 3916 pro
593 3853 697 3914 utraque
712 3850 833 3901 sententia
846 3849 921 3899 allata
936 3849 994 3899 sunt
1008 3847 1127 3912 epiorisis.

200 4077 249 4150 llo
267 4102 336 4176 quo
355 4103 417 4175 par
433 4093 485 4151 est
502 4077 606 4149 animi
624 4075 769 4149 candore
787 4088 995 4173 argumenta,
1011 4098 1098 4173 quae
1116 4097 1137 4144 a
1154 4070 1245 4146 theo-

143 4182 212 4288 logis
229 4219 270 4266 ac
288 4192 371 4264 iuris
390 4193 542 4267 canonici
569 4191 687 4293 peritis
704 4191 748 4265 ad
767 4188 1047 4291 pronugnandum
1073 4187 1245 4290 proprium

142 4301 287 4397 placitum
313 4299 431 4406 urgeri
450 4321 717 4394 consueverunt,
746 4305 946 4394 attulimus;
973 4329 1063 4381 nuno
1095 4329 1174 4380 vero
1203 4327 1244 4376 en
