2804 5062
255 349 325 420 ttt
446 371 508 422 nr.
529 370 566 422 rr.
585 370 671 424 sacr.
691 371 822 424 rurrnr.
842 370 882 424 on
900 371 1025 424 rorrsr.
1045 371 1155 428 crrnr.

252 504 386 589 petuam
412 487 505 564 alteri
532 488 734 564 servandum
759 488 803 562 ad
829 487 932 589 prolis
956 490 1253 590 procreationem?
1273 493 1358 579 Quo-

251 605 351 679 modo
376 603 497 704 pnte'rit
521 604 685 705 impedire
706 596 887 704 quominus
912 605 1202 680 in‘conscientiae
1228 606 1299 682 loro
1318 608 1358 681 le·

250 721 366 819 gitime
390 738 502 795 utatur
525 721 682 796 facultate
700 748 738 795 se
753 748 829 796 cum
850 721 955 796 altera
973 722 1268 798 matrimonialiter
1284 750 1358 799 con·

249 835 411 934 iungendi
437 836 538 911 ctiam
564 836 598 909 in
623 834 911 936 concupiscentiae
931 835 1139 910 remediumll
1157 839 1224 911 Fac
1241 865 1353 937 engr.

250 952 419 1051 quendam
444 951 570 1025 herum
587 949 672 1025 velle
693 976 731 1024 se
754 950 921 1025 connubio
942 949 1100 1050 copulare
1118 978 1197 1026 eum
1214 978 1356 1054 eaquae

249 1075 303 1140 est
326 1065 516 1140 conditione
540 1092 655 1153 serva;
676 1081 709 1138 et
730 1066 812 1165 quin
832 1091 908 1140 cum
924 1086 965 1140 ea
982 1066 1164 1148 fornicetur
1188 1066 1278 1142 uelle
1301 1095 1356 1170 po

251 1181 318 1254 tius
345 1191 418 1254 ea'm
443 1181 565 1256 ducere
588 1182 623 1253 in
647 1207 803 1268 uxorem;
828 1180 993 1281 numquid
1015 1182 1071 1256 hic
1095 1207 1135 1256 se
1159 1203 1278 1258 eoram
1293 1185 1357 1260 llec

252 1323 347 1369 reum
367 1296 547 1371 constituet
558 1322 598 1370 nc
610 1296 738 1370 irritum
757 1294 855 1371 inibit
872 1298 1064 1397 coniugium
1081 1298 1259 1373 obnitente
1275 1302 1357 1401 prin

249 1412 337 1512 cipis
363 1411 436 1510 lege
462 1410 635 1511 positiva?
659 1413 829 1511 Numquid
853 1428 1024 1515 tamquam
1050 1413 1190 1489 totidem
1217 1416 1356 1490 fornica·

248 1527 356 1602 tiones
381 1526 529 1601 habendi
553 1544 651 1601 erunt
675 1528 869 1627 coniugales
895 1545 1011 1618 actus,
1038 1530 1096 1630 qui
1124 1547 1268 1604 naturae
1288 1531 1356 1629 lege

248 1644 379 1720 honesti
399 1643 502 1721 sunt?
518 1647 591 1723 Non
607 1664 687 1748 puto
704 1648 896 1751 qnempiam
921 1647 956 1721 id
981 1673 1058 1722 esse
1083 1647 1269 1722 dicturum.
1290 1647 1355 1720 linc

246 1759 290 1835 de
315 1789 418 1838 causa
443 1764 676 1852 tridentinum,
701 1765 812 1839 nativa
837 1780 988 1865 spectata
1005 1763 1178 1851 libertate,
1200 1761 1355 1863 nullaque

245 1875 369 1952 iniecta
393 1877 505 1976 legum
534 1879 718 1968 mentione,
746 1905 834 1979 quae
857 1905 878 1952 a
902 1876 1113 1979 principibus
1139 1877 1215 1952 sive
1240 1877 1354 1950 infide

245 1989 335 2066 libus
361 1994 432 2067 sire
458 1994 612 2069 fidelibus
637 1995 725 2068 latae
751 1983 892 2080 inerint,
920 1992 1101 2068 declaravit
1125 2007 1201 2066 rata
1225 2007 1260 2067 et
1282 2017 1353 2066 vera

245 2132 322 2183 esse
354 2110 589 2199 matrimonia,
620 2109 782 2211 quamdiu
807 2108 954 2184 ecclesia
973 2135 1014 2183 ea
1039 2107 1135 2181 irrita
1159 2133 1231 2183 ncn
1255 2108 1350 2192 fecit,

244 2248 332 2322 quae
356 2223 565 2298 clandestine
593 2241 760 2300 contracta
786 2225 933 2298 luerent·
949 2238 1027 2297 ante
1059 2221 1186 2296 decreti
1212 2221 1266 2296 sni
1296 2248 1351 2322 pu·

244 2335 478 2426 blioationem,
506 2338 559 2414 vel
583 2339 856 2415 contraherentur
872 2338 958 2412 inter
975 2335 1102 2410 fideles.
1124 2334 1230 2410 llulto
1255 2335 1350 2432 igitur

243 2452 352 2548 magis
375 2452 516 2527 ecclesia
541 2470 578 2528 ut
601 2480 679 2527 vera
703 2453 805 2526 habet
823 2449 1052 2538 matrimonia,
1069 2470 1161 2549 'quae
1180 2448 1269 2522 inter
1284 2447 1348 2518 infi-

244 2566 336 2640 deles
363 2585 477 2642 contra
502 2570 640 2668 quasvis
666 2567 852 2642 infidelium
878 2566 1066 2668 principum
1097 2564 1193 2661 leges
1227 2580 1348 2637 contra

244 2679 386 2769 huntur,
415 2694 515 2781 prout
537 2684 647 2757 valide
672 2699 839 2758 contracta
865 2682 965 2757 habet
987 2707 1027 2754 ac
1044 2678 1258 2775 recognoscit
1282 2704 1347 2750 con·

245 2792 356 2890 iugia,
377 2822 464 2894 quae
486 2797 597 2870 invitis
615 2797 809 2897 parentibus
824 2797 994 2882 ineantur,
1010 2793 1093 2893 quin
1108 2793 1208 2891 ipsae
1225 2792 1347 2866 obstent

243 2908 392 2982 fidelium
419 2912 605 3012 principum
630 2913 732 3009 leges,

312 3025 466 3116 Accedit,
483 3044 592 3101 actum
606 3056 673 3129 quo
686 3029 791 3101 initur
803 3028 994 3126 coniugium
1008 3025 1109 3098 talem
1122 3044 1204 3098 esse
1221 3022 1345 3098 electic

241 3143 294 3215 nis
316 3160 426 3216 actum
451 3171 491 3217 er
516 3171 583 3244 quo
606 3144 728 3244 pendet
752 3144 851 3218 totius
874 3144 909 3216 in
935 3159 1104 3243 posterum
1129 3139 1222 3213 vitae
1248 3139 1342 3220 ratio;

239 3272 274 3330 at
291 3258 325 3330 in
344 3284 379 3332 re
396 3261 478 3334 tanti
497 3260 674 3345 momenti,
701 3258 984 3358 quemadmodum
1007 3255 1163 3355 nequiret
1182 3252 1345 3351 legislator

238 3373 402 3473 impedire
419 3376 624 3476 propositum
643 3374 786 3448 alicuius
803 3374 1026 3474 virginitatem
1044 3369 1206 3446 servandi
1224 3395 1265 3442 ac
1283 3393 1345 3468 pro

238 3486 353 3562 fitendi
379 3489 557 3562 celibatum
576 3490 622 3562 ita
640 3516 700 3562 nec
718 3490 881 3588 impedire
902 3505 1011 3588 potest
1036 3502 1162 3560 statum
1189 3485 1342 3581 coniuga-

238 3603 303 3678 lem
329 3633 504 3705 perquem
522 3606 645 3704 aliquis
663 3605 836 3680 consulere
854 3605 923 3679 vult
940 3601 1192 3680 conoscientiae
1211 3625 1293 3674 suae
1310 3621 1343 3671 ac

237 3747 423 3820 propagare
452 3722 601 3820 seipsum
619 3728 641 3809 ‚'
662 3721 941 3822 talemque'vitae
966 3735 1089 3793 statum
1120 3715 1280 3817 amplecti
1305 3711 1339 3786 ad

235 3864 334 3935 quem
353 3838 406 3910 ins
422 3838 622 3924 hubenare
639 3865 706 3938 quo
723 3854 791 3912 tota
807 3838 896 3911 vitae
913 3836 1017 3910 huius
1033 3833 1180 3907 felicitas
1199 3832 1338 3934 pendere

235 3968 389 4025 censetur
408 3955 496 4048 (22).
509 3952 597 4050 Ergo
614 3969 762 4051 spectata
779 3968 873 4026 actus
892 3966 1021 4038 natura,
1043 3965 1133 4050 patet
1155 3948 1339 4047 principem

306 4155 356 4217 (22)
373 4155 585 4214 Quemadmodum
602 4158 721 4220 principes
738 4158 821 4209 civiter
838 4159 863 4208 tn
874 4159 983 4208 animum
993 4157 1032 4207 ins
1043 4156 1140 4206 nultum
1150 4156 1254 4217 babent,
1265 4154 1338 4202 sicne

235 4245 283 4295 qne
294 4234 383 4285 habent
395 4236 419 4286 in
431 4250 520 4300 corpus
532 4250 633 4287 suornm
642 4238 810 4301 subditomnr,
821 4237 855 4288 ita
864 4240 892 4289 nt
901 4238 950 4300 irtr',
961 4235 1042 4300 quoad
1052 4234 1261 4301 procreationem,
1268 4233 1338 4297 ipson

234 4311 303 4362 atteri
323 4312 417 4365 tradere
434 4328 482 4365 non
498 4317 609 4377 valeant,
629 4318 655 4368 et
673 4316 698 4368 in
713 4318 821 4370 mum
838 4318 877 4368 ius
895 4317 1028 4382 acquirere
1040 4315 1080 4368 ct.
1093 4315 1187 4369 ttarttn
1203 4314 1254 4367 tor.
1266 4311 1307 4363 cit.
