<?xml version="1.0" encoding="UTF-8"?>
<!DOCTYPE html PUBLIC "-//W3C//DTD XHTML 1.0 Transitional//EN"
    "http://www.w3.org/TR/xhtml1/DTD/xhtml1-transitional.dtd">
<html xmlns="http://www.w3.org/1999/xhtml" xml:lang="en" lang="en">
 <head>
  <title>
</title>
<meta http-equiv="Content-Type" content="text/html;charset=utf-8" />
  <meta name='ocr-system' content='tesseract 3.04.00' />
  <meta name='ocr-capabilities' content='ocr_page ocr_carea ocr_par ocr_line ocrx_word'/>
</head>
<body>
  <div class='ocr_page' id='page_1' title='image "./dematrimoniochr02perrgoog_0353.png"; bbox 0 0 2804 5062; ppageno 0'>
   <div class='ocr_carea' id='block_1_1' title="bbox 160 322 1079 418">
    <p class='ocr_par' dir='ltr' id='par_1_1' title="bbox 160 322 1079 418">
     <span class='ocr_line' id='line_1_1' title="bbox 160 322 1079 418; baseline -0.002 -21"><span class='ocrx_word' id='word_1_1' title='bbox 160 322 230 397; x_wconf 80' lang='lat' dir='ltr'>att</span> <span class='ocrx_word' id='word_1_2' title='bbox 352 343 416 399; x_wconf 86' lang='lat' dir='ltr'>un.</span> <span class='ocrx_word' id='word_1_3' title='bbox 436 344 474 398; x_wconf 89' lang='lat' dir='ltr'>u.</span> <span class='ocrx_word' id='word_1_4' title='bbox 493 343 581 408; x_wconf 76' lang='lat' dir='ltr'>sacr.</span> <span class='ocrx_word' id='word_1_5' title='bbox 601 343 732 396; x_wconf 77' lang='lat' dir='ltr'>aarum.</span> <span class='ocrx_word' id='word_1_6' title='bbox 753 343 794 395; x_wconf 82' lang='lat' dir='ltr'>ua</span> <span class='ocrx_word' id='word_1_7' title='bbox 818 342 947 418; x_wconf 83' lang='lat' dir='ltr'>rorser.</span> <span class='ocrx_word' id='word_1_8' title='bbox 967 343 1079 398; x_wconf 81' lang='lat' dir='ltr'>urm.</span> 
     </span>
    </p>
   </div>
   <div class='ocr_carea' id='block_1_2' title="bbox 141 461 1269 4138">
    <p class='ocr_par' dir='ltr' id='par_1_2' title="bbox 152 461 1269 2057">
     <span class='ocr_line' id='line_1_2' title="bbox 230 461 1265 562; baseline -0.001 -20"><span class='ocrx_word' id='word_1_9' title='bbox 230 462 358 542; x_wconf 78' lang='lat' dir='ltr'>Eodem</span> <span class='ocrx_word' id='word_1_10' title='bbox 384 489 489 540; x_wconf 92' lang='lat' dir='ltr'>sensu</span> <span class='ocrx_word' id='word_1_11' title='bbox 513 462 669 538; x_wconf 85' lang='lat' dir='ltr'>Gelasius</span> <span class='ocrx_word' id='word_1_12' title='bbox 695 461 846 562; x_wconf 82' lang='lat' dir='ltr'><strong>pontifex</strong></span> <span class='ocrx_word' id='word_1_13' title='bbox 870 461 1041 537; x_wconf 83' lang='lat' dir='ltr'>scribebat</span> <span class='ocrx_word' id='word_1_14' title='bbox 1067 461 1114 538; x_wconf 84' lang='lat' dir='ltr'>ad</span> <span class='ocrx_word' id='word_1_15' title='bbox 1135 463 1265 541; x_wconf 77' lang='lat' dir='ltr'>Aceste</span> 
     </span>
     <span class='ocr_line' id='line_1_3' title="bbox 157 576 1266 680; baseline 0.001 -25"><span class='ocrx_word' id='word_1_16' title='bbox 157 579 250 656; x_wconf 90' lang='lat' dir='ltr'>sium</span> <span class='ocrx_word' id='word_1_17' title='bbox 274 579 479 679; x_wconf 74' lang='lat' dir='ltr'>Augustumt</span> <span class='ocrx_word' id='word_1_18' title='bbox 498 579 599 654; x_wconf 79' lang='lat' dir='ltr'>«Duo</span> <span class='ocrx_word' id='word_1_19' title='bbox 624 576 752 679; x_wconf 90' lang='lat' dir='ltr'>quippe</span> <span class='ocrx_word' id='word_1_20' title='bbox 775 592 872 666; x_wconf 89' lang='lat' dir='ltr'>sunt,</span> <span class='ocrx_word' id='word_1_21' title='bbox 909 577 1095 679; x_wconf 73' lang='lat' dir='ltr'>imperator</span> <span class='ocrx_word' id='word_1_22' title='bbox 1117 597 1266 680; x_wconf 86' lang='lat' dir='ltr'>auguste,</span> 
     </span>
     <span class='ocr_line' id='line_1_4' title="bbox 157 692 1268 797; baseline 0.001 -27"><span class='ocrx_word' id='word_1_23' title='bbox 157 695 285 797; x_wconf 91' lang='lat' dir='ltr'>quibus</span> <span class='ocrx_word' id='word_1_24' title='bbox 309 693 541 796; x_wconf 75' lang='lat' dir='ltr'>principaliter</span> <span class='ocrx_word' id='word_1_25' title='bbox 564 692 714 769; x_wconf 86' lang='lat' dir='ltr'>mundus</span> <span class='ocrx_word' id='word_1_26' title='bbox 730 693 789 769; x_wconf 93' lang='lat' dir='ltr'>hic</span> <span class='ocrx_word' id='word_1_27' title='bbox 806 692 946 792; x_wconf 90' lang='lat' dir='ltr'>regitur,</span> <span class='ocrx_word' id='word_1_28' title='bbox 972 694 1160 771; x_wconf 88' lang='lat' dir='ltr'>auctoritas</span> <span class='ocrx_word' id='word_1_29' title='bbox 1181 722 1268 771; x_wconf 85' lang='lat' dir='ltr'>sacra</span> 
     </span>
     <span class='ocr_line' id='line_1_5' title="bbox 157 809 1269 917; baseline 0.004 -33"><span class='ocrx_word' id='word_1_30' title='bbox 157 811 354 917; x_wconf 85' lang='lat' dir='ltr'>pontificum</span> <span class='ocrx_word' id='word_1_31' title='bbox 383 825 417 885; x_wconf 92' lang='lat' dir='ltr'>et</span> <span class='ocrx_word' id='word_1_32' title='bbox 441 809 565 908; x_wconf 84' lang='lat' dir='ltr'>regalis</span> <span class='ocrx_word' id='word_1_33' title='bbox 594 825 756 912; x_wconf 89' lang='lat' dir='ltr'>potestas.</span> <span class='ocrx_word' id='word_1_34' title='bbox 791 809 831 882; x_wconf 94' lang='lat' dir='ltr'>ln</span> <span class='ocrx_word' id='word_1_35' title='bbox 860 809 986 911; x_wconf 88' lang='lat' dir='ltr'>quihus</span> <span class='ocrx_word' id='word_1_36' title='bbox 1015 826 1111 887; x_wconf 84' lang='lat' dir='ltr'>tanto</span> <span class='ocrx_word' id='word_1_37' title='bbox 1140 812 1269 911; x_wconf 80' lang='lat' dir='ltr'>grauius</span> 
     </span>
     <span class='ocr_line' id='line_1_6' title="bbox 157 922 1269 1027; baseline 0.001 -27"><span class='ocrx_word' id='word_1_38' title='bbox 157 941 210 1000; x_wconf 90' lang='lat' dir='ltr'>est</span> <span class='ocrx_word' id='word_1_39' title='bbox 235 923 368 1027; x_wconf 90' lang='lat' dir='ltr'>pondus</span> <span class='ocrx_word' id='word_1_40' title='bbox 392 923 624 1012; x_wconf 86' lang='lat' dir='ltr'>sacerdotum,</span> <span class='ocrx_word' id='word_1_41' title='bbox 653 939 780 1025; x_wconf 87' lang='lat' dir='ltr'>quanto</span> <span class='ocrx_word' id='word_1_42' title='bbox 805 922 907 998; x_wconf 86' lang='lat' dir='ltr'>etiam</span> <span class='ocrx_word' id='word_1_43' title='bbox 933 949 995 1024; x_wconf 92' lang='lat' dir='ltr'>pro</span> <span class='ocrx_word' id='word_1_44' title='bbox 1021 924 1112 1025; x_wconf 86' lang='lat' dir='ltr'>ipsis</span> <span class='ocrx_word' id='word_1_45' title='bbox 1141 926 1269 1026; x_wconf 85' lang='lat' dir='ltr'>regibus</span> 
     </span>
     <span class='ocr_line' id='line_1_7' title="bbox 156 1037 1269 1117; baseline 0 -2"><span class='ocrx_word' id='word_1_46' title='bbox 156 1039 301 1115; x_wconf 83' lang='lat' dir='ltr'>llomino</span> <span class='ocrx_word' id='word_1_47' title='bbox 318 1039 354 1113; x_wconf 90' lang='lat' dir='ltr'>in</span> <span class='ocrx_word' id='word_1_48' title='bbox 371 1038 487 1114; x_wconf 82' lang='lat' dir='ltr'>divino</span> <span class='ocrx_word' id='word_1_49' title='bbox 512 1037 675 1113; x_wconf 75' lang='lat' dir='ltr'>reddituri</span> <span class='ocrx_word' id='word_1_50' title='bbox 703 1054 783 1115; x_wconf 91' lang='lat' dir='ltr'>sunt</span> <span class='ocrx_word' id='word_1_51' title='bbox 809 1038 964 1113; x_wconf 85' lang='lat' dir='ltr'>examine</span> <span class='ocrx_word' id='word_1_52' title='bbox 979 1039 1163 1115; x_wconf 90' lang='lat' dir='ltr'>rationem.</span> <span class='ocrx_word' id='word_1_53' title='bbox 1185 1041 1269 1117; x_wconf 87' lang='lat' dir='ltr'>Nosti</span> 
     </span>
     <span class='ocr_line' id='line_1_8' title="bbox 157 1152 1268 1256; baseline 0.002 -26"><span class='ocrx_word' id='word_1_54' title='bbox 157 1154 299 1243; x_wconf 81' lang='lat' dir='ltr'>etenim,</span> <span class='ocrx_word' id='word_1_55' title='bbox 320 1152 369 1226; x_wconf 89' lang='lat' dir='ltr'>fili</span> <span class='ocrx_word' id='word_1_56' title='bbox 387 1153 663 1243; x_wconf 89' lang='lat' dir='ltr'>clementissime,</span> <span class='ocrx_word' id='word_1_57' title='bbox 683 1154 775 1256; x_wconf 94' lang='lat' dir='ltr'>quod</span> <span class='ocrx_word' id='word_1_58' title='bbox 803 1153 881 1229; x_wconf 89' lang='lat' dir='ltr'>licet</span> <span class='ocrx_word' id='word_1_59' title='bbox 903 1154 1104 1254; x_wconf 77' lang='lat' dir='ltr'>praesideas</span> <span class='ocrx_word' id='word_1_60' title='bbox 1131 1155 1268 1232; x_wconf 90' lang='lat' dir='ltr'>humano</span> 
     </span>
     <span class='ocr_line' id='line_1_9' title="bbox 155 1268 1267 1371; baseline 0.002 -27"><span class='ocrx_word' id='word_1_61' title='bbox 155 1269 270 1368; x_wconf 81' lang='lat' dir='ltr'>generi</span> <span class='ocrx_word' id='word_1_62' title='bbox 295 1268 474 1368; x_wconf 72' lang='lat' dir='ltr'>dignitate,</span> <span class='ocrx_word' id='word_1_63' title='bbox 504 1296 615 1344; x_wconf 90' lang='lat' dir='ltr'>rerum</span> <span class='ocrx_word' id='word_1_64' title='bbox 640 1285 752 1345; x_wconf 69' lang='lat' dir='ltr'>amen</span> <span class='ocrx_word' id='word_1_65' title='bbox 770 1268 984 1371; x_wconf 81' lang='lat' dir='ltr'>praesulibus</span> <span class='ocrx_word' id='word_1_66' title='bbox 1009 1268 1207 1346; x_wconf 84' lang='lat' dir='ltr'>divinarum</span> <span class='ocrx_word' id='word_1_67' title='bbox 1223 1272 1267 1346; x_wconf 85' lang='lat' dir='ltr'>de</span> 
     </span>
     <span class='ocr_line' id='line_1_10' title="bbox 155 1383 1267 1486; baseline 0.003 -27"><span class='ocrx_word' id='word_1_68' title='bbox 155 1399 255 1460; x_wconf 82' lang='lat' dir='ltr'>votus</span> <span class='ocrx_word' id='word_1_69' title='bbox 278 1384 366 1460; x_wconf 90' lang='lat' dir='ltr'>colla</span> <span class='ocrx_word' id='word_1_70' title='bbox 390 1383 582 1475; x_wconf 79' lang='lat' dir='ltr'>submittis,</span> <span class='ocrx_word' id='word_1_71' title='bbox 617 1399 720 1486; x_wconf 85' lang='lat' dir='ltr'>atque</span> <span class='ocrx_word' id='word_1_72' title='bbox 744 1384 788 1460; x_wconf 91' lang='lat' dir='ltr'>ab</span> <span class='ocrx_word' id='word_1_73' title='bbox 818 1384 868 1462; x_wconf 88' lang='lat' dir='ltr'>eis</span> <span class='ocrx_word' id='word_1_74' title='bbox 898 1409 1019 1460; x_wconf 88' lang='lat' dir='ltr'>causas</span> <span class='ocrx_word' id='word_1_75' title='bbox 1048 1401 1133 1462; x_wconf 90' lang='lat' dir='ltr'>tuae</span> <span class='ocrx_word' id='word_1_76' title='bbox 1162 1386 1267 1463; x_wconf 86' lang='lat' dir='ltr'>salutis</span> 
     </span>
     <span class='ocr_line' id='line_1_11' title="bbox 154 1496 1265 1604; baseline 0 -30"><span class='ocrx_word' id='word_1_77' title='bbox 154 1498 304 1598; x_wconf 84' lang='lat' dir='ltr'>expetis,</span> <span class='ocrx_word' id='word_1_78' title='bbox 333 1498 437 1598; x_wconf 92' lang='lat' dir='ltr'>inque</span> <span class='ocrx_word' id='word_1_79' title='bbox 461 1497 638 1573; x_wconf 84' lang='lat' dir='ltr'>sumendis</span> <span class='ocrx_word' id='word_1_80' title='bbox 662 1496 867 1576; x_wconf 84' lang='lat' dir='ltr'>caelestibus</span> <span class='ocrx_word' id='word_1_81' title='bbox 889 1499 1133 1590; x_wconf 87' lang='lat' dir='ltr'>sacramentis,</span> <span class='ocrx_word' id='word_1_82' title='bbox 1159 1501 1265 1604; x_wconf 85' lang='lat' dir='ltr'>sisque</span> 
     </span>
     <span class='ocr_line' id='line_1_12' title="bbox 159 1612 1264 1715; baseline 0.005 -28"><span class='ocrx_word' id='word_1_83' title='bbox 159 1618 214 1711; x_wconf 89' lang='lat' dir='ltr'>(ut</span> <span class='ocrx_word' id='word_1_84' title='bbox 236 1613 413 1714; x_wconf 88' lang='lat' dir='ltr'>competit)</span> <span class='ocrx_word' id='word_1_85' title='bbox 441 1613 682 1712; x_wconf 85' lang='lat' dir='ltr'>disponendis,</span> <span class='ocrx_word' id='word_1_86' title='bbox 712 1613 814 1688; x_wconf 91' lang='lat' dir='ltr'>subdi</span> <span class='ocrx_word' id='word_1_87' title='bbox 832 1629 864 1688; x_wconf 91' lang='lat' dir='ltr'>te</span> <span class='ocrx_word' id='word_1_88' title='bbox 881 1612 1006 1689; x_wconf 89' lang='lat' dir='ltr'>debere</span> <span class='ocrx_word' id='word_1_89' title='bbox 1023 1618 1208 1715; x_wconf 85' lang='lat' dir='ltr'>cognoscis</span> <span class='ocrx_word' id='word_1_90' title='bbox 1227 1644 1264 1692; x_wconf 81' lang='lat' dir='ltr'>re</span> 
     </span>
     <span class='ocr_line' id='line_1_13' title="bbox 154 1726 1263 1834; baseline 0.006 -33"><span class='ocrx_word' id='word_1_91' title='bbox 154 1726 292 1827; x_wconf 89' lang='lat' dir='ltr'>ligionis</span> <span class='ocrx_word' id='word_1_92' title='bbox 317 1728 437 1803; x_wconf 89' lang='lat' dir='ltr'>ordine</span> <span class='ocrx_word' id='word_1_93' title='bbox 461 1729 595 1831; x_wconf 90' lang='lat' dir='ltr'>potius,</span> <span class='ocrx_word' id='word_1_94' title='bbox 617 1755 720 1831; x_wconf 92' lang='lat' dir='ltr'>quam</span> <span class='ocrx_word' id='word_1_95' title='bbox 745 1755 916 1830; x_wconf 89' lang='lat' dir='ltr'>praeesse.</span> <span class='ocrx_word' id='word_1_96' title='bbox 937 1730 1034 1805; x_wconf 87' lang='lat' dir='ltr'>Nosti</span> <span class='ocrx_word' id='word_1_97' title='bbox 1051 1730 1174 1834; x_wconf 89' lang='lat' dir='ltr'>itaque</span> <span class='ocrx_word' id='word_1_98' title='bbox 1189 1733 1263 1808; x_wconf 87' lang='lat' dir='ltr'>iuter</span> 
     </span>
     <span class='ocr_line' id='line_1_14' title="bbox 154 1841 1262 1946; baseline 0.006 -28"><span class='ocrx_word' id='word_1_99' title='bbox 154 1841 258 1932; x_wconf 84' lang='lat' dir='ltr'>haec,</span> <span class='ocrx_word' id='word_1_100' title='bbox 286 1869 328 1919; x_wconf 86' lang='lat' dir='ltr'>ex</span> <span class='ocrx_word' id='word_1_101' title='bbox 353 1843 487 1918; x_wconf 93' lang='lat' dir='ltr'>illorum</span> <span class='ocrx_word' id='word_1_102' title='bbox 515 1860 547 1919; x_wconf 91' lang='lat' dir='ltr'>te</span> <span class='ocrx_word' id='word_1_103' title='bbox 572 1843 720 1946; x_wconf 91' lang='lat' dir='ltr'>pendere</span> <span class='ocrx_word' id='word_1_104' title='bbox 744 1842 893 1935; x_wconf 90' lang='lat' dir='ltr'>iudicio,</span> <span class='ocrx_word' id='word_1_105' title='bbox 921 1869 990 1919; x_wconf 91' lang='lat' dir='ltr'>non</span> <span class='ocrx_word' id='word_1_106' title='bbox 1013 1843 1096 1921; x_wconf 86' lang='lat' dir='ltr'>illos</span> <span class='ocrx_word' id='word_1_107' title='bbox 1121 1846 1168 1922; x_wconf 88' lang='lat' dir='ltr'>ad</span> <span class='ocrx_word' id='word_1_108' title='bbox 1185 1863 1262 1925; x_wconf 79' lang='lat' dir='ltr'>man</span> 
     </span>
     <span class='ocr_line' id='line_1_15' title="bbox 152 1957 741 2057; baseline -0.005 -23"><span class='ocrx_word' id='word_1_109' title='bbox 152 1957 239 2034; x_wconf 79' lang='lat' dir='ltr'>velle</span> <span class='ocrx_word' id='word_1_110' title='bbox 263 1958 370 2057; x_wconf 79' lang='lat' dir='ltr'>redigi</span> <span class='ocrx_word' id='word_1_111' title='bbox 394 1958 600 2035; x_wconf 83' lang='lat' dir='ltr'>voluntatem</span> <span class='ocrx_word' id='word_1_112' title='bbox 620 1961 741 2057; x_wconf 75' lang='grc'><strong>(20).»</strong></span> 
     </span>
    </p>

    <p class='ocr_par' dir='ltr' id='par_1_3' title="bbox 141 2071 1262 4138">
     <span class='ocr_line' id='line_1_16' title="bbox 226 2071 1261 2176; baseline 0.007 -32"><span class='ocrx_word' id='word_1_113' title='bbox 226 2072 288 2147; x_wconf 83' lang='grc' dir='ltr'>Ηίιι</span> <span class='ocrx_word' id='word_1_114' title='bbox 314 2072 495 2150; x_wconf 88' lang='lat' dir='ltr'>adiicimus</span> <span class='ocrx_word' id='word_1_115' title='bbox 519 2071 690 2149; x_wconf 81' lang='lat' dir='ltr'>coronidis</span> <span class='ocrx_word' id='word_1_116' title='bbox 714 2073 824 2172; x_wconf 88' lang='lat' dir='ltr'>gratia</span> <span class='ocrx_word' id='word_1_117' title='bbox 846 2072 949 2150; x_wconf 82' lang='lat' dir='ltr'>rerba</span> <span class='ocrx_word' id='word_1_118' title='bbox 964 2073 1092 2175; x_wconf 74' lang='lat' dir='ltr'>synodi</span> <span class='ocrx_word' id='word_1_119' title='bbox 1110 2075 1261 2176; x_wconf 80' lang='lat' dir='ltr'>parisien</span> 
     </span>
     <span class='ocr_line' id='line_1_17' title="bbox 152 2185 1262 2292; baseline 0.002 -30"><span class='ocrx_word' id='word_1_120' title='bbox 152 2185 222 2274; x_wconf 82' lang='lat' dir='ltr'>ais,</span> <span class='ocrx_word' id='word_1_121' title='bbox 250 2186 377 2287; x_wconf 91' lang='lat' dir='ltr'>quibus</span> <span class='ocrx_word' id='word_1_122' title='bbox 394 2213 434 2261; x_wconf 84' lang='lat' dir='ltr'>ex</span> <span class='ocrx_word' id='word_1_123' title='bbox 452 2214 503 2263; x_wconf 92' lang='lat' dir='ltr'>ss.</span> <span class='ocrx_word' id='word_1_124' title='bbox 520 2187 649 2263; x_wconf 89' lang='lat' dir='ltr'>Isidoro</span> <span class='ocrx_word' id='word_1_125' title='bbox 674 2203 708 2262; x_wconf 93' lang='lat' dir='ltr'>et</span> <span class='ocrx_word' id='word_1_126' title='bbox 732 2188 907 2287; x_wconf 87' lang='lat' dir='ltr'>Fulgentio</span> <span class='ocrx_word' id='word_1_127' title='bbox 924 2214 1067 2263; x_wconf 89' lang='lat' dir='ltr'>munera</span> <span class='ocrx_word' id='word_1_128' title='bbox 1083 2187 1169 2266; x_wconf 92' lang='lat' dir='ltr'>boni</span> <span class='ocrx_word' id='word_1_129' title='bbox 1186 2192 1262 2292; x_wconf 85' lang='lat' dir='ltr'>prin·</span> 
     </span>
     <span class='ocr_line' id='line_1_18' title="bbox 152 2299 1258 2407; baseline -0.001 -29"><span class='ocrx_word' id='word_1_130' title='bbox 152 2299 242 2401; x_wconf 86' lang='lat' dir='ltr'>cipis</span> <span class='ocrx_word' id='word_1_131' title='bbox 267 2327 348 2401; x_wconf 88' lang='lat' dir='ltr'>erga</span> <span class='ocrx_word' id='word_1_132' title='bbox 370 2301 549 2377; x_wconf 90' lang='lat' dir='ltr'>ecclesiam</span> <span class='ocrx_word' id='word_1_133' title='bbox 574 2302 768 2403; x_wconf 90' lang='lat' dir='ltr'>imperatori</span> <span class='ocrx_word' id='word_1_134' title='bbox 790 2302 957 2378; x_wconf 82' lang='lat' dir='ltr'>ludovico</span> <span class='ocrx_word' id='word_1_135' title='bbox 969 2303 1030 2380; x_wconf 88' lang='lat' dir='ltr'>Pio</span> <span class='ocrx_word' id='word_1_136' title='bbox 1046 2303 1098 2379; x_wconf 87' lang='lat' dir='ltr'>ita</span> <span class='ocrx_word' id='word_1_137' title='bbox 1114 2306 1258 2407; x_wconf 84' lang='lat' dir='ltr'>exponit:</span> 
     </span>
     <span class='ocr_line' id='line_1_19' title="bbox 156 2414 1261 2521; baseline 0.01 -35"><span class='ocrx_word' id='word_1_138' title='bbox 156 2414 357 2517; x_wconf 80' lang='lat' dir='ltr'>«Principes</span> <span class='ocrx_word' id='word_1_139' title='bbox 374 2416 501 2491; x_wconf 87' lang='lat' dir='ltr'>saeculi</span> <span class='ocrx_word' id='word_1_140' title='bbox 521 2443 774 2518; x_wconf 79' lang='lat' dir='ltr'>nonnumquam</span> <span class='ocrx_word' id='word_1_141' title='bbox 791 2417 879 2492; x_wconf 91' lang='lat' dir='ltr'>iutra</span> <span class='ocrx_word' id='word_1_142' title='bbox 896 2417 1079 2493; x_wconf 87' lang='lat' dir='ltr'>ecclesiam</span> <span class='ocrx_word' id='word_1_143' title='bbox 1094 2419 1261 2521; x_wconf 77' lang='lat' dir='ltr'>potestatit</span> 
     </span>
     <span class='ocr_line' id='line_1_20' title="bbox 152 2530 1260 2634; baseline 0.005 -30"><span class='ocrx_word' id='word_1_144' title='bbox 152 2530 295 2631; x_wconf 88' lang='lat' dir='ltr'>adeptae</span> <span class='ocrx_word' id='word_1_145' title='bbox 320 2531 468 2606; x_wconf 88' lang='lat' dir='ltr'>culmina</span> <span class='ocrx_word' id='word_1_146' title='bbox 494 2549 623 2620; x_wconf 89' lang='lat' dir='ltr'>tenent,</span> <span class='ocrx_word' id='word_1_147' title='bbox 644 2548 681 2608; x_wconf 92' lang='lat' dir='ltr'>ut</span> <span class='ocrx_word' id='word_1_148' title='bbox 698 2560 759 2633; x_wconf 92' lang='lat' dir='ltr'>per</span> <span class='ocrx_word' id='word_1_149' title='bbox 775 2534 927 2608; x_wconf 89' lang='lat' dir='ltr'>eamdem</span> <span class='ocrx_word' id='word_1_150' title='bbox 945 2550 1148 2634; x_wconf 88' lang='lat' dir='ltr'>potestatem</span> <span class='ocrx_word' id='word_1_151' title='bbox 1169 2537 1260 2612; x_wconf 86' lang='lat' dir='ltr'>disci·</span> 
     </span>
     <span class='ocr_line' id='line_1_21' title="bbox 151 2645 1259 2750; baseline 0.009 -32"><span class='ocrx_word' id='word_1_152' title='bbox 151 2645 280 2750; x_wconf 88' lang='lat' dir='ltr'>plinam</span> <span class='ocrx_word' id='word_1_153' title='bbox 306 2647 569 2724; x_wconf 88' lang='lat' dir='ltr'>ecclesiasticam</span> <span class='ocrx_word' id='word_1_154' title='bbox 592 2649 757 2726; x_wconf 88' lang='lat' dir='ltr'>muniant.</span> <span class='ocrx_word' id='word_1_155' title='bbox 788 2649 940 2724; x_wconf 86' lang='lat' dir='ltr'>Ceterum</span> <span class='ocrx_word' id='word_1_156' title='bbox 970 2651 1060 2726; x_wconf 87' lang='lat' dir='ltr'>intra</span> <span class='ocrx_word' id='word_1_157' title='bbox 1089 2652 1259 2729; x_wconf 88' lang='lat' dir='ltr'>ecclesiam</span> 
     </span>
     <span class='ocr_line' id='line_1_22' title="bbox 150 2764 1259 2871; baseline 0.009 -38"><span class='ocrx_word' id='word_1_158' title='bbox 150 2775 334 2862; x_wconf 86' lang='lat' dir='ltr'>potestates</span> <span class='ocrx_word' id='word_1_159' title='bbox 353 2766 567 2838; x_wconf 85' lang='lat' dir='ltr'>necessariae</span> <span class='ocrx_word' id='word_1_160' title='bbox 584 2790 651 2838; x_wconf 92' lang='lat' dir='ltr'>non</span> <span class='ocrx_word' id='word_1_161' title='bbox 669 2781 784 2839; x_wconf 89' lang='lat' dir='ltr'>essent</span> <span class='ocrx_word' id='word_1_162' title='bbox 803 2764 870 2838; x_wconf 92' lang='lat' dir='ltr'>nisi</span> <span class='ocrx_word' id='word_1_163' title='bbox 895 2781 933 2839; x_wconf 93' lang='lat' dir='ltr'>ut</span> <span class='ocrx_word' id='word_1_164' title='bbox 957 2767 1049 2866; x_wconf 89' lang='lat' dir='ltr'>quod</span> <span class='ocrx_word' id='word_1_165' title='bbox 1077 2793 1148 2843; x_wconf 91' lang='lat' dir='ltr'>non</span> <span class='ocrx_word' id='word_1_166' title='bbox 1173 2795 1259 2871; x_wconf 84' lang='lat' dir='ltr'>prae-</span> 
     </span>
     <span class='ocr_line' id='line_1_23' title="bbox 148 2874 1258 2986; baseline 0.011 -37"><span class='ocrx_word' id='word_1_167' title='bbox 148 2874 238 2950; x_wconf 82' lang='lat' dir='ltr'>valet</span> <span class='ocrx_word' id='word_1_168' title='bbox 262 2878 420 2952; x_wconf 89' lang='lat' dir='ltr'>sacerdos</span> <span class='ocrx_word' id='word_1_169' title='bbox 446 2879 579 2974; x_wconf 82' lang='lat' dir='ltr'>efficere</span> <span class='ocrx_word' id='word_1_170' title='bbox 600 2907 660 2981; x_wconf 93' lang='lat' dir='ltr'>per</span> <span class='ocrx_word' id='word_1_171' title='bbox 675 2880 848 2955; x_wconf 88' lang='lat' dir='ltr'>doctrinae</span> <span class='ocrx_word' id='word_1_172' title='bbox 873 2906 1087 2973; x_wconf 89' lang='lat' dir='ltr'>sermonem,</span> <span class='ocrx_word' id='word_1_173' title='bbox 1117 2901 1258 2986; x_wconf 83' lang='lat' dir='ltr'>potestat</span> 
     </span>
     <span class='ocr_line' id='line_1_24' title="bbox 149 2992 1257 3102; baseline 0.011 -38"><span class='ocrx_word' id='word_1_174' title='bbox 149 2992 351 3094; x_wconf 78' lang='lat' dir='ltr'>(principis)</span> <span class='ocrx_word' id='word_1_175' title='bbox 379 2994 444 3071; x_wconf 91' lang='lat' dir='ltr'>hoc</span> <span class='ocrx_word' id='word_1_176' title='bbox 475 2996 616 3098; x_wconf 91' lang='lat' dir='ltr'>imperet</span> <span class='ocrx_word' id='word_1_177' title='bbox 645 3025 706 3098; x_wconf 88' lang='lat' dir='ltr'>per</span> <span class='ocrx_word' id='word_1_178' title='bbox 728 2997 930 3099; x_wconf 88' lang='lat' dir='ltr'>disciplinae</span> <span class='ocrx_word' id='word_1_179' title='bbox 954 3015 1131 3076; x_wconf 81' lang='lat' dir='ltr'>terrorem.</span> <span class='ocrx_word' id='word_1_180' title='bbox 1161 3003 1257 3102; x_wconf 85' lang='lat' dir='ltr'>Saepe</span> 
     </span>
     <span class='ocr_line' id='line_1_25' title="bbox 148 3112 1257 3217; baseline 0.009 -38"><span class='ocrx_word' id='word_1_181' title='bbox 148 3131 208 3214; x_wconf 89' lang='lat' dir='ltr'>per</span> <span class='ocrx_word' id='word_1_182' title='bbox 232 3134 373 3207; x_wconf 90' lang='lat' dir='ltr'>regnum</span> <span class='ocrx_word' id='word_1_183' title='bbox 400 3125 566 3184; x_wconf 90' lang='lat' dir='ltr'>terrenum</span> <span class='ocrx_word' id='word_1_184' title='bbox 585 3112 729 3186; x_wconf 86' lang='lat' dir='ltr'>caeleste</span> <span class='ocrx_word' id='word_1_185' title='bbox 746 3138 885 3210; x_wconf 83' lang='lat' dir='ltr'>regnum</span> <span class='ocrx_word' id='word_1_186' title='bbox 910 3113 1059 3214; x_wconf 88' lang='lat' dir='ltr'>proficit,</span> <span class='ocrx_word' id='word_1_187' title='bbox 1081 3132 1121 3194; x_wconf 90' lang='lat' dir='ltr'>ut</span> <span class='ocrx_word' id='word_1_188' title='bbox 1137 3117 1198 3217; x_wconf 92' lang='lat' dir='ltr'>qui</span> <span class='ocrx_word' id='word_1_189' title='bbox 1214 3117 1257 3189; x_wconf 93' lang='lat' dir='ltr'>in·</span> 
     </span>
     <span class='ocr_line' id='line_1_26' title="bbox 147 3224 1256 3330; baseline 0.002 -30"><span class='ocrx_word' id='word_1_190' title='bbox 147 3239 198 3300; x_wconf 91' lang='lat' dir='ltr'>trn</span> <span class='ocrx_word' id='word_1_191' title='bbox 215 3224 393 3300; x_wconf 87' lang='lat' dir='ltr'>ecclesiam</span> <span class='ocrx_word' id='word_1_192' title='bbox 419 3228 518 3328; x_wconf 91' lang='lat' dir='ltr'>positi</span> <span class='ocrx_word' id='word_1_193' title='bbox 545 3242 662 3301; x_wconf 89' lang='lat' dir='ltr'>contra</span> <span class='ocrx_word' id='word_1_194' title='bbox 683 3228 802 3316; x_wconf 86' lang='lat' dir='ltr'>fidem,</span> <span class='ocrx_word' id='word_1_195' title='bbox 819 3243 853 3302; x_wconf 93' lang='lat' dir='ltr'>et</span> <span class='ocrx_word' id='word_1_196' title='bbox 865 3228 1083 3330; x_wconf 89' lang='lat' dir='ltr'>disciplinam</span> <span class='ocrx_word' id='word_1_197' title='bbox 1101 3232 1256 3307; x_wconf 87' lang='lat' dir='ltr'>ecclesiae</span> 
     </span>
     <span class='ocr_line' id='line_1_27' title="bbox 145 3341 1255 3447; baseline 0.004 -34"><span class='ocrx_word' id='word_1_198' title='bbox 145 3354 271 3437; x_wconf 88' lang='lat' dir='ltr'>agunt,</span> <span class='ocrx_word' id='word_1_199' title='bbox 300 3341 409 3439; x_wconf 82' lang='lat' dir='ltr'>rigore</span> <span class='ocrx_word' id='word_1_200' title='bbox 434 3342 624 3443; x_wconf 91' lang='lat' dir='ltr'>principum</span> <span class='ocrx_word' id='word_1_201' title='bbox 649 3356 883 3431; x_wconf 88' lang='lat' dir='ltr'>conterantur,</span> <span class='ocrx_word' id='word_1_202' title='bbox 909 3342 1090 3444; x_wconf 88' lang='lat' dir='ltr'>ipsamque</span> <span class='ocrx_word' id='word_1_203' title='bbox 1111 3344 1255 3447; x_wconf 89' lang='lat' dir='ltr'>discipli-</span> 
     </span>
     <span class='ocr_line' id='line_1_28' title="bbox 145 3455 1254 3557; baseline 0.005 -30"><span class='ocrx_word' id='word_1_204' title='bbox 145 3478 243 3541; x_wconf 88' lang='lat' dir='ltr'>nam,</span> <span class='ocrx_word' id='word_1_205' title='bbox 264 3480 366 3554; x_wconf 89' lang='lat' dir='ltr'>quam</span> <span class='ocrx_word' id='word_1_206' title='bbox 384 3455 547 3530; x_wconf 89' lang='lat' dir='ltr'>ecclesiae</span> <span class='ocrx_word' id='word_1_207' title='bbox 572 3455 699 3529; x_wconf 89' lang='lat' dir='ltr'>utilitas</span> <span class='ocrx_word' id='word_1_208' title='bbox 719 3482 872 3530; x_wconf 79' lang='lat' dir='ltr'>exercere</span> <span class='ocrx_word' id='word_1_209' title='bbox 890 3483 957 3530; x_wconf 91' lang='lat' dir='ltr'>non</span> <span class='ocrx_word' id='word_1_210' title='bbox 977 3459 1171 3557; x_wconf 86' lang='lat' dir='ltr'>praevalet,</span> <span class='ocrx_word' id='word_1_211' title='bbox 1192 3485 1254 3535; x_wconf 74' lang='lat' dir='ltr'>cer</span> 
     </span>
     <span class='ocr_line' id='line_1_29' title="bbox 144 3567 1254 3674; baseline 0.005 -33"><span class='ocrx_word' id='word_1_212' title='bbox 144 3567 277 3642; x_wconf 86' lang='lat' dir='ltr'>vicibus</span> <span class='ocrx_word' id='word_1_213' title='bbox 311 3571 534 3671; x_wconf 88' lang='lat' dir='ltr'>superborum</span> <span class='ocrx_word' id='word_1_214' title='bbox 561 3587 710 3670; x_wconf 86' lang='lat' dir='ltr'>potestas</span> <span class='ocrx_word' id='word_1_215' title='bbox 736 3570 935 3672; x_wconf 88' lang='lat' dir='ltr'>principalis</span> <span class='ocrx_word' id='word_1_216' title='bbox 969 3572 1141 3674; x_wconf 90' lang='lat' dir='ltr'>imponat,</span> <span class='ocrx_word' id='word_1_217' title='bbox 1171 3592 1203 3650; x_wconf 90' lang='lat' dir='ltr'>et</span> <span class='ocrx_word' id='word_1_218' title='bbox 1225 3588 1254 3648; x_wconf 88' lang='grc' dir='ltr'>ιιι</span> 
     </span>
     <span class='ocr_line' id='line_1_30' title="bbox 143 3685 1253 3788; baseline 0.002 -30"><span class='ocrx_word' id='word_1_219' title='bbox 143 3685 392 3759; x_wconf 88' lang='lat' dir='ltr'>venerationem</span> <span class='ocrx_word' id='word_1_220' title='bbox 410 3704 595 3774; x_wconf 87' lang='lat' dir='ltr'>mereatur,</span> <span class='ocrx_word' id='word_1_221' title='bbox 617 3688 774 3760; x_wconf 84' lang='lat' dir='ltr'>virtutem</span> <span class='ocrx_word' id='word_1_222' title='bbox 793 3702 942 3786; x_wconf 90' lang='lat' dir='ltr'>potestas</span> <span class='ocrx_word' id='word_1_223' title='bbox 961 3688 1174 3788; x_wconf 79' lang='lat' dir='ltr'>impertiat.»</span> <span class='ocrx_word' id='word_1_224' title='bbox 1186 3691 1253 3763; x_wconf 86' lang='lat' dir='ltr'>Post</span> 
     </span>
     <span class='ocr_line' id='line_1_31' title="bbox 143 3799 1249 3903; baseline 0.003 -31"><span class='ocrx_word' id='word_1_225' title='bbox 143 3799 228 3874; x_wconf 88' lang='lat' dir='ltr'>haec</span> <span class='ocrx_word' id='word_1_226' title='bbox 254 3799 425 3876; x_wconf 90' lang='lat' dir='ltr'>concludit</span> <span class='ocrx_word' id='word_1_227' title='bbox 450 3802 623 3902; x_wconf 80' lang='lat' dir='ltr'>synodus:</span> <span class='ocrx_word' id='word_1_228' title='bbox 648 3801 889 3900; x_wconf 75' lang='lat' dir='ltr'>«cognoscant</span> <span class='ocrx_word' id='word_1_229' title='bbox 911 3803 1085 3903; x_wconf 90' lang='lat' dir='ltr'>principes</span> <span class='ocrx_word' id='word_1_230' title='bbox 1112 3804 1249 3888; x_wconf 87' lang='lat' dir='ltr'>saeculi,</span> 
     </span>
     <span class='ocr_line' id='line_1_32' title="bbox 141 3913 1250 4023; baseline 0.007 -37"><span class='ocrx_word' id='word_1_231' title='bbox 141 3913 211 3988; x_wconf 86' lang='lat' dir='ltr'>Deo</span> <span class='ocrx_word' id='word_1_232' title='bbox 228 3916 351 3991; x_wconf 87' lang='lat' dir='ltr'>debere</span> <span class='ocrx_word' id='word_1_233' title='bbox 369 3942 407 3991; x_wconf 89' lang='lat' dir='ltr'>se</span> <span class='ocrx_word' id='word_1_234' title='bbox 424 3917 564 3992; x_wconf 87' lang='lat' dir='ltr'>reddere</span> <span class='ocrx_word' id='word_1_235' title='bbox 589 3919 749 3992; x_wconf 86' lang='lat' dir='ltr'>rationem</span> <span class='ocrx_word' id='word_1_236' title='bbox 776 3934 912 4017; x_wconf 91' lang='lat' dir='ltr'>propter</span> <span class='ocrx_word' id='word_1_237' title='bbox 935 3918 1138 4010; x_wconf 87' lang='lat' dir='ltr'>ecclesiam,</span> <span class='ocrx_word' id='word_1_238' title='bbox 1159 3943 1250 4023; x_wconf 86' lang='lat' dir='ltr'>quan</span> 
     </span>
     <span class='ocr_line' id='line_1_33' title="bbox 141 4027 1248 4138; baseline 0.001 -30"><span class='ocrx_word' id='word_1_239' title='bbox 141 4027 312 4108; x_wconf 64' lang='lat' dir='ltr'>&amp;Christo</span> <span class='ocrx_word' id='word_1_240' title='bbox 338 4032 497 4106; x_wconf 88' lang='lat' dir='ltr'>tuendam</span> <span class='ocrx_word' id='word_1_241' title='bbox 523 4033 724 4134; x_wconf 89' lang='lat' dir='ltr'>suscipiunt.</span> <span class='ocrx_word' id='word_1_242' title='bbox 756 4033 839 4107; x_wconf 87' lang='lat' dir='ltr'>Nam</span> <span class='ocrx_word' id='word_1_243' title='bbox 865 4031 939 4106; x_wconf 91' lang='lat' dir='ltr'>sivo</span> <span class='ocrx_word' id='word_1_244' title='bbox 963 4051 1130 4132; x_wconf 87' lang='lat' dir='ltr'>augeatur</span> <span class='ocrx_word' id='word_1_245' title='bbox 1145 4047 1248 4138; x_wconf 79' lang='lat' dir='ltr'>paret</span> 
     </span>
    </p>
   </div>
   <div class='ocr_carea' id='block_1_3' title="bbox 139 4234 1243 4382">
    <p class='ocr_par' dir='ltr' id='par_1_4' title="bbox 139 4234 1243 4382">
     <span class='ocr_line' id='line_1_34' title="bbox 212 4234 1243 4301; baseline 0.003 -15"><span class='ocrx_word' id='word_1_246' title='bbox 212 4234 410 4297; x_wconf 64' lang='lat' dir='ltr'>(rotscelini</span> <span class='ocrx_word' id='word_1_247' title='bbox 426 4237 497 4300; x_wconf 87' lang='lat' dir='ltr'>epist.</span> <span class='ocrx_word' id='word_1_248' title='bbox 516 4240 582 4289; x_wconf 84' lang='lat' dir='ltr'>vttl.</span> <span class='ocrx_word' id='word_1_249' title='bbox 599 4237 630 4287; x_wconf 85' lang='lat' dir='ltr'>ad</span> <span class='ocrx_word' id='word_1_250' title='bbox 650 4239 762 4290; x_wconf 72' lang='lat' dir='ltr'>tumus.</span> <span class='ocrx_word' id='word_1_251' title='bbox 780 4235 905 4300; x_wconf 73' lang='lat' dir='ltr'>inportu</span> <span class='ocrx_word' id='word_1_252' title='bbox 923 4236 1035 4301; x_wconf 83' lang='lat' dir='ltr'>ampliss.</span> <span class='ocrx_word' id='word_1_253' title='bbox 1049 4239 1156 4293; x_wconf 80' lang='lat' dir='ltr'>collect.</span> <span class='ocrx_word' id='word_1_254' title='bbox 1167 4234 1243 4292; x_wconf 74' lang='lat' dir='ltr'>eret</span> 
     </span>
     <span class='ocr_line' id='line_1_35' title="bbox 139 4318 501 4382; baseline 0.008 -15"><span class='ocrx_word' id='word_1_255' title='bbox 139 4318 231 4368; x_wconf 73' lang='lat' dir='ltr'>Vende</span> <span class='ocrx_word' id='word_1_256' title='bbox 244 4330 310 4382; x_wconf 87' lang='lat' dir='ltr'>gom.</span> <span class='ocrx_word' id='word_1_257' title='bbox 320 4321 388 4370; x_wconf 75' lang='lat' dir='ltr'>vill.</span> <span class='ocrx_word' id='word_1_258' title='bbox 400 4319 447 4377; x_wconf 72' lang='lat' dir='ltr'>col,</span> <span class='ocrx_word' id='word_1_259' title='bbox 463 4326 501 4377; x_wconf 81' lang='lat' dir='ltr'>tt.</span> 
     </span>
    </p>
   </div>
   <div class='ocr_carea' id='block_1_4' title="bbox 0 0 1406 5062">
    <p class='ocr_par' dir='ltr' id='par_1_5' title="bbox 0 0 1406 5062">
     <span class='ocr_line' id='line_1_36' title="bbox 0 0 1406 5062; baseline 0 6"><span class='ocrx_word' id='word_1_260' title='bbox 0 0 1406 5062; x_wconf 95' lang='lat' dir='ltr'> </span> 
     </span>
    </p>
   </div>
  </div>
 </body>
</html>
