2804 5062
164 399 869 452 mimosusn-ustusr.11tt.ssvstctm
883 399 975 451 cetu.
989 401 1058 451 tur.
1073 401 1108 452 ll·
1156 381 1224 454 209

125 519 261 620 scriptae
288 521 377 616 (to).
407 520 456 594 lta
477 519 688 595 disserebant
713 519 883 619 theologi,
912 521 970 621 qui
999 522 1032 592 in
1058 521 1228 595 consulta-

125 635 221 724 t'one,
251 662 340 736 quae
365 635 482 710 hahita
499 652 551 711 est
567 637 602 709 in
620 662 690 710 sac.
712 638 969 735 congregatione
986 637 1120 711 concilii
1138 637 1227 711 circa

125 749 261 826 relorcm
288 753 543 850 coniugiorum,
568 779 656 854 quae
678 753 714 825 in
732 753 913 827 Hollandia
941 769 974 827 et
998 754 1032 825 in
1059 753 1228 828 foederato

125 865 226 965 lelgio
251 867 341 940 inter
365 866 553 942 haereticos
579 866 854 957 celebrabantur,
876 895 936 969 pro
954 867 1086 942 illorum
1108 868 1229 942 validi·

125 999 176 1057 ate
194 983 410 1082 pugnabant.
426 983 638 1085 Quapropter
654 998 692 1057 ut
707 983 796 1058 idem
816 984 915 1059 relert
927 985 1127 1059 Benedictus
1140 986 1224 1056 xlv.

125 1097 253 1172 coeit.
274 1125 309 1170 n.
328 1099 379 1185 9.,
395 1098 447 1171 sic
464 1097 513 1170 illi
530 1097 705 1196 urgebant.
727 1099 762 1170 Si
783 1125 872 1173 nunc
898 1099 933 1171 in
953 1100 1126 1200 proposito
1146 1126 1229 1173 casu

125 1213 395 1288 renunciamtur
411 1239 472 1314 pro
490 1213 644 1288 nullitate
661 1213 967 1302 matrimoniorum,
984 1240 1072 1314 quae
1084 1214 1128 1287 ab
1141 1215 1230 1289 bete

125 1327 250 1402 odoris
270 1327 362 1402 illius
380 1329 529 1426 regionis
550 1328 681 1429 absque
702 1329 895 1429 praeseutia
911 1327 1069 1403 catholici
1091 1329 1229 1430 parochi

125 1459 292 1530 ineuntur,
321 1442 356 1514 in
382 1443 496 1518 omnia
520 1443 579 1517 illa
603 1442 816 1517 incommoda
854 1441 1099 1530 incideremus,
1142 1471 1230 1544 quae

125 1557 288 1632 tridentini
306 1572 419 1659 patres
437 1557 610 1632 laudatum
624 1558 793 1633 decretum
812 1557 1027 1634 cllormautes
1042 1575 1133 1633 tauta
1151 1587 1229 1660 pru-

125 1671 226 1748 leutia
251 1675 379 1749 evitare
403 1673 615 1748 studuemnt.

186 1789 280 1865 Huic
304 1791 426 1864 rationi
452 1791 576 1891 petitae
592 1815 633 1864 ex
650 1790 726 1891 ipsa
743 1790 878 1866 concilii
897 1806 1008 1863 mente
1025 1788 1113 1864 aliae
1130 1790 1232 1863 ratio-

129 1931 177 1981 ucs
201 1905 388 1993 accedunt,
416 1932 503 2006 quas
529 1932 592 2006 pro
615 1905 788 1980 validitate
804 1904 971 1979 eiusmodi
997 1903 1232 2003 coniugiorum

131 2021 243 2118 puriter
268 2019 435 2118 urgebant
455 2020 490 2092 in
512 2019 665 2094 eiusdem
687 2019 956 2119 congregationis
975 2019 1059 2094 actis
1078 2018 1229 2092 nonnulli

132 2133 282 2235 theologi,
310 2162 466 2238 quasque
490 2135 586 2210 bisce
609 2135 722 2210 uerbis
748 2137 885 2237 exponit
901 2134 1057 2209 laudatus
1080 2135 1231 2235 pontifex

133 2248 180 2326 loc.
196 2253 273 2326 cit:
289 2253 401 2352 quod,
430 2252 460 2326 si
485 2252 699 2327 matrimonia
716 2251 759 2325 de
776 2251 901 2352 quibus
927 2251 1112 2348 agebatur,
1139 2249 1232 2323 irrita

134 2362 383 2454 declararentur,
400 2368 430 2442 si
445 2367 581 2468 quando
595 2366 699 2467 aliqui
715 2367 874 2465 coniuges
888 2365 931 2440 de
949 2364 1137 2439 abiuranda
1155 2364 1233 2437 hae-

134 2482 183 2554 rui
209 2481 428 2569 statuissent,
448 2498 486 2556 ut
503 2481 591 2582 ipsis
610 2481 724 2556 liceret
741 2482 776 2553 in
795 2480 964 2578 coniugali
984 2481 1143 2554 societate
1160 2505 1233 2579 per-

133 2617 271 2686 muers,
299 2623 440 2672 neccsse
464 2596 629 2671 haberent
644 2623 846 2671 consensum
871 2623 1031 2671 renovare
1047 2622 1159 2670 coram
1177 2622 1234 2697 pa·

133 2711 217 2788 ocho
242 2711 411 2787 catholico
436 2728 470 2787 et
494 2712 627 2786 duobus
646 2712 805 2800 testibus,
827 2711 977 2812 alioquin
995 2738 1058 2812 pro
1075 2710 1233 2810 legitimis

133 2827 319 2927 oningibns
337 2829 535 2904 seinvicem
553 2828 679 2903 bahem
696 2855 764 2902 nou
781 2847 930 2929 possent.
948 2828 1117 2915 Quantum
1135 2853 1234 2928 porro

131 2937 156 3013 iu
175 2941 375 3018 huiusmodi
400 2969 587 3018 consensus
613 2942 830 3017 renovatione
854 2942 1041 3043 periculum
1067 2942 1167 3029 insit,
1201 2957 1235 3014 ct

130 3079 217 3156 quarn
235 3058 352 3156 gravia
369 3057 580 3133 incommoda
598 3056 678 3131 iude
694 3056 874 3130 metuenda
891 3073 1022 3145 esseut,
1047 3053 1234 3129 enarrando

128 3171 315 3272 pergebant.
330 3172 476 3245 Primum
493 3170 651 3246 videlicet
667 3171 758 3271 quod
775 3171 890 3271 plures
908 3170 1087 3268 coniuges,
1108 3166 1233 3267 quibus

126 3284 319 3362 catholicam
352 3285 548 3385 religionem
578 3285 804 3387 amplectendi
838 3285 1043 3359 desiderium
1077 3285 1233 3371 inesset,

125 3394 198 3475 illud
225 3401 371 3476 fortasse
387 3400 591 3489 abiicerent,
612 3401 781 3502 utrimque
806 3415 1011 3487 metuentes,
1032 3425 1074 3472 ue
1092 3397 1175 3472 alter
1191 3399 1236 3472 ab

125 3513 238 3606 ulmro,
253 3542 333 3591 cum
345 3543 414 3617 quo
426 3516 607 3591 multorum
619 3543 784 3591 annorum
798 3516 908 3618 spatio
921 3515 1064 3589 libenter
1075 3514 1232 3604 vixisset,

186 3722 239 3786 (itt)
254 3723 319 3772 Sene
328 3722 397 3773 card.
406 3723 572 3775 pallavicinus
583 3724 630 3775 loc.
641 3725 683 3775 cit.
690 3722 786 3775 scribit:
796 3744 808 3767 a
816 3725 844 3772 ln
854 3722 903 3773 line
913 3724 934 3773 ei
944 3722 1090 3786 disponere,
1100 3720 1146 3772 che
1156 3721 1173 3772 il
1183 3734 1236 3785 pre·

125 3804 181 3855 nte
190 3801 294 3853 decreto
303 3815 390 3854 arctes
405 3803 489 3867 rigore
500 3802 652 3854 mutescunt
662 3803 793 3867 parrochia
803 3802 870 3866 dopo
883 3804 972 3853 trenta
980 3803 1068 3866 atomi
1081 3800 1123 3851 ‹lrl
1136 3800 1163 3849 dl
1172 3799 1239 3850 daile

125 3880 195 3933 rime
207 3880 389 3946 prrblicazioue.
402 3881 423 3933 ll
439 3882 486 3932 che
498 3881 562 3932 altre
578 3880 610 3932 ed
626 3881 684 3933 altri
699 3881 774 3932 buoni
791 3881 884 3943 chetti,
901 3894 933 3931 ne
948 3893 1035 3931 resera
1046 3893 1096 3930 uno
1106 3891 1149 3943 per
1160 3878 1238 3930 allore

125 3973 165 4012 roe
177 3962 307 4013 mersu
320 3959 354 4010 da
368 3961 426 4011 tutti
440 3979 447 4012 r
459 3963 569 4025 equeeto
587 3975 629 4012 era
646 3961 772 4013 l'ovriare
790 3962 831 4012 all’
843 3961 1031 4012 inconveniente
1052 3959 1175 4011 ricordeto
1195 3960 1237 4010 del

125 4039 227 4093 tatum
237 4039 270 4090 de
282 4040 352 4091 altri:
365 4040 433 4103 cios,
445 4041 491 4091 ohe
500 4040 536 4091 ira
546 4041 579 4104 gli
589 4041 688 4103 cretici,
700 4042 708 4090 i
720 4041 789 4104 quali
800 4053 850 4091 uon
862 4040 1026 4091 ubbldirrmno
1035 4054 1051 4091 a
1060 4041 1119 4105 quel
1128 4039 1237 4103 decreto,

125 4119 184 4171 tter
201 4121 419 4170 matrimonium
436 4122 563 4171 coventre
579 4119 689 4171 rcrebte
709 4133 787 4181 uero,
803 4132 817 4170 e
831 4122 918 4171 niuno
932 4123 1058 4184 pruoeute
1074 4118 1201 4185 lectitata.
1212 4121 1239 4172 Sl

125 4196 237 4260 mura,
245 4197 319 4260 dico,
330 4197 395 4248 ecit
401 4197 539 4261 ,paremus
550 4211 582 4249 ne
581 4199 647 4248 'loro
657 4198 723 4262 paesi
735 4209 785 4249 uon
795 4196 930 4248 errebbero
941 4198 989 4250 eeei
1000 4197 1102 4249 luctato
1112 4198 1238 4262 publicare

125 4272 141 4323 u
154 4277 268 4342 meto,
284 4290 299 4329 a
314 4277 366 4329 cosi
379 4289 429 4329 nou
442 4276 567 4331 serebbeu
583 4277 741 4330 verificateln
752 4277 896 4331 coudimoue
908 4279 974 4330 sotto
984 4279 1008 4331 Ιι
1018 4279 1092 4343 qaue
1103 4279 1122 4330 u
1132 4278 1237 4340 concilio

126 4352 226 4406 meur·
240 4314 280 4408 til’
288 4356 339 4422 cvi
357 4355 520 4421 othum.»
619 4403 621 4405 ,

186 4462 212 4519 ll
1140 4466 1174 4520 14
