2804 5062
221 392 286 443 ιιι..
300 391 347 441 ιιι.
361 388 500 441 ussum.
515 391 639 442 rorssr.
652 392 733 443 ntsr.
748 392 779 443 tn
791 394 856 443 ιιιι.
871 394 968 443 stru.
982 396 1047 445 ιιι.
1062 397 1131 447 ιιι.
1149 399 1172 449 ι.
1212 375 1255 447 tt

157 510 199 606 gis
223 508 447 596 infractione,
478 525 579 607 atque
610 526 647 582 ut
677 507 846 596 medium,
875 537 943 611 quo
970 510 1178 587 difficiliores
1204 516 1258 588 di·

153 623 379 722 spensationes
396 621 599 708 reddantur,
623 649 710 721 quas
734 622 878 698 ecclesia
898 626 1033 697 nonnisi
1059 653 1158 722 aegre
1183 653 1280 701 oon·-

148 738 238 812 oedit.
272 739 317 811 Ut
340 737 432 810 onim
459 737 561 836 paulo
587 753 664 810 ante
687 737 836 812 vidimus
853 796 875 825 ,.
890 764 966 812 oum
993 739 1137 837 primum
1163 744 1256 839 graui

148 870 279 949 urgente
302 878 410 924 causa
423 850 490 924 bae
512 851 585 924 dari
610 868 808 948 coeperunt,
829 853 989 950 coniuges
1007 854 1160 955 publicae
1178 883 1258 954 poe-

147 967 300 1040 nitentiae
325 966 609 1052 subiciebantur,
626 967 779 1067 ipsisque
804 986 976 1067 praeterea
1000 970 1093 1068 pium
1120 970 1257 1069 aliquod

144 1083 380 1179 iniungebatur
405 1109 515 1182 opus,
543 1109 596 1156 ex.
617 1109 668 1180 gr.
700 1084 903 1157 monasteria
930 1084 1151 1172 aedificandi,
1178 1086 1257 1160 alia-

143 1223 204 1296 que
227 1197 441 1271 huiusmodi.
458 1198 541 1272 Cum
558 1215 672 1272 autem
691 1198 774 1271 baec
799 1195 842 1273 ob
861 1200 1085 1298 poenitentiae
1102 1199 1257 1299 publicae

142 1312 364 1385 cessationem
388 1312 424 1382 in
448 1311 703 1385 desuetudinem
728 1312 892 1399 abierint,
914 1313 1055 1386 suffecta
1071 1330 1123 1387 est
1140 1313 1255 1412 aliqua
1316 1309 1318 1313 ⁸

144 1428 303 1525 pecunias
318 1453 454 1501 summa
471 1428 580 1501 maior
595 1428 745 1500 minorve
770 1454 830 1527 pro
847 1428 975 1501 ratione
991 1444 1102 1501 status
1117 1454 1252 1513 eorum,

144 1543 196 1641 qui
220 1541 514 1641 dispensationem
539 1557 678 1642 petunt,
698 1559 731 1615 et
752 1543 877 1639 gradus
902 1540 1144 1643 impedimenti.
1166 1543 1256 1616 Haeo

145 1683 234 1756 porro
258 1658 409 1756 pecunia
431 1658 552 1757 partim
577 1659 621 1730 ad
646 1683 831 1758 pauperum
856 1657 1082 1732 sublevandas
1108 1659 1256 1732 necessi-

146 1789 220 1846 tates
239 1771 470 1872 impenditur,
499 1773 621 1872 partim
645 1773 777 1847 veroin
802 1771 887 1845 alios
906 1799 988 1845 usus
1005 1773 1081 1872 pios
1102 1775 1191 1868 (28),
1213 1771 1256 1845 de

146 1888 260 1985 quibus
288 1911 357 1960 non
381 1903 434 1960 est
457 1886 560 1961 buius
585 1886 650 1961 loci
675 1887 872 1984 singillatim
890 1887 1069 1960 disserere.
1142 1942 1144 1947 ,

419 2134 426 2149 ·
468 2187 471 2193 ⁴
563 2118 770 2179 inuentus
790 2118 826 2176 ιι.

160 2290 287 2368 Fptsoopi
302 2292 366 2350 stre
381 2305 510 2351 seorsum
525 2291 633 2366 sumpti
646 2290 707 2349 slve
721 2291 807 2383 ettam
821 2290 850 2347 ln
865 2288 995 2348 conctllts
1011 2262 1236 2364 paitlc'ulsrtbirs

229 2387 404 2463 congregati
425 2386 556 2446 relaxare
576 2392 722 2462 nequeunt
738 2387 802 2444 ture
821 2386 938 2462 proprio
962 2384 1157 2444 scelestastlca

374 2483 580 2559 impedimenta
603 2483 820 2542 Matrimontum
843 2483 1018 2543 dtrtmentta.

207 2690 422 2765 Disserimus
453 2689 576 2764 hocin
602 2689 743 2764 articulo
769 2689 933 2764 adversus
958 2687 1060 2770 illos,
1090 2685 1150 2787 qni
1176 2687 1254 2760 data

145 2830 238 2906 opera
261 2832 332 2878 non
357 2804 471 2878 minus
488 2804 658 2904 episcopis
684 2830 786 2902 quam
812 2829 950 2877 romano
974 2802 1124 2902 pontifici
1149 2802 1255 2875 iacul-

146 2937 239 2993 tttsm
260 2920 438 2993 relaxandi
455 2919 696 3018 impedimenta
711 2918 905 2991 dirimentis
924 2922 1102 2991 convenire
1118 2935 1255 2990 conun-

144 3034 243 3121 dunt,
270 3061 335 3108 seu
362 3033 566 3129 contendunt
587 3059 689 3132 posse
711 3033 891 3132 episcopos
909 3055 977 3105 non
995 3058 1093 3105 secus
1110 3056 1249 3104 aarum.

145 3151 336 3248 pontificem
361 3150 544 3222 consedere
561 3149 833 3248 dispensationes
860 3148 951 3221 illius
968 3147 1087 3220 saltem
1113 3146 1251 3247 speciei,

144 3291 241 3364 pam
259 3265 328 3364 ipsi
354 3292 397 3337 en
420 3266 551 3337 iustitia
570 3280 710 3350 vocant,
730 3278 769 3336 ut
785 3262 873 3335 infra
890 3261 1145 3362 explicabimus.
1163 3259 1253 3332 Talis

143 3379 223 3451 inter
256 3395 389 3451 ceteros
422 3394 475 3451 est
496 3403 686 3476 anonymus
711 3376 851 3477 quidam
882 3393 997 3449 auctor
1024 3374 1152 3448 saeculi
1184 3373 1254 3448 ela-

145 3496 190 3590 psi
207 3496 302 3590 (29),
318 3510 352 3567 et
368 3520 446 3566 oum
463 3519 503 3567 ιο
520 3494 672 3579 Nestius,
694 3493 797 3577 Lista,
818 3491 943 3591 aliique
959 3491 1112 3565 eiusdem
1133 3495 1256 3591 lampo-

146 3611 184 3683 ris
208 3610 395 3709 scriptores
420 3609 624 3683 novitatibus
639 3608 812 3683 studentes
825 3607 988 3708 pacisque
1006 3605 1254 3682 ecclesiasticae

202 3778 255 3840 (τι)
272 3776 354 3828 flotus
369 3774 406 3826 rel
422 3774 510 3826 vadem
521 3776 741 3827 damusauctorem
751 3776 817 3827 certe
826 3788 876 3826 non
889 3777 1045 3840 suspectum,
1061 3776 1096 3824 De
1108 3755 1256 3824 Hortncouit

145 3870 178 3919 ιι.
199 3858 244 3908 cit.
256 3858 383 3908 uotatemc
395 3859 459 3920 part.
470 3857 510 3905 ob.
522 3859 553 3906 V.
564 3860 611 3906 art.
625 3865 648 3907 t.
661 3855 684 3919 S.
696 3859 751 3906 ΧΙΙ.
769 3856 809 3906 ed.
828 3857 869 3907 cit.
882 3870 937 3920 pag.
949 3861 987 3907 st.
1002 3855 1044 3904 ubi
1053 3853 1138 3904 scribit
1154 3855 1255 3902 :aceux

144 3939 180 3997 tri
192 3941 252 3989 ut
267 3938 350 3988 n'cttoe
363 3951 396 3987 tto
410 3937 447 3988 los
461 3937 621 4001 (disponam
637 3937 780 3987 obttsnuort
798 3937 867 4000 point
881 3935 1068 3999 gantonem
1083 3933 1146 3983 mais
1162 3945 1258 3982 somnne

143 4015 244 4069 tm
258 4018 275 4068 l'
284 4022 373 4081 rrgmt
387 4017 460 4080 ou'ctt
475 4018 590 4081 prostent
602 4020 639 4068 est
652 4017 747 4067 dmtine
761 4017 776 4066 a
792 4017 835 4068 dos
845 4030 940 4068 murres
955 4013 1100 4076 deobtrito,
1116 4026 1160 4077 par
1175 4026 1255 4064 esem·

145 4097 581 4161 rotulorumuuasdltes
599 4099 699 4148 staca
720 4093 1255 4161 qn'ondosuepourltdlspeusoostune

145 4176 673 4242 momumnqueteonnotu
684 4177 842 4229 o’uttentrt·
853 4179 1004 4240 ermque
1015 4175 1113 4238 let’ape
1121 4173 1255 4225 necorde.»

203 4258 257 4320 (se)
271 4260 374 4308 mmo
387 4256 471 4308 tim
483 4257 529 4308 dut
540 4270 655 4308 moroso
668 4257 713 4308 rat
735 4259 912 4309 motrtmonto.
932 4259 1002 4320 (ntus
1015 4255 1068 4305 sias
1087 4253 1186 4305 somine
1200 4254 1254 4304 tum

144 4338 314 4388 man
330 4337 390 4387 tout.
662 4350 665 4355 ·
974 4366 977 4371 ,
1041 4372 1045 4379 .

203 4443 228 4497 ΙΙ
1193 4446 1207 4494 7
