2804 5062
142 355 212 429 let
383 377 445 429 us.
466 377 501 429 n.
524 378 612 430 seor.
634 380 657 430 ι.
679 379 720 429 nn
736 378 863 432 corner.
884 378 1014 432 samm.

141 513 269 570 tantum
294 494 415 584 abest,
437 512 477 570 nt
498 496 689 597 apostolica
716 496 816 572 aedes
846 495 998 586 siluerit,
1037 513 1078 572 ut
1104 498 1249 573 innume·

138 638 196 688 ras
226 638 311 714 pene
335 612 522 687 soumarias
554 612 800 688 declarationes
832 612 876 687 ad
909 611 999 689 lrane
1027 638 1148 714 usqne
1172 613 1250 688 diam

138 727 301 803 emiserit.
330 727 428 814 Quod
453 728 484 801 si
511 728 547 801 in
572 727 744 830 aliquibus
769 727 1032 829 particularibus
1056 729 1199 804 casibus
1217 757 1253 805 ex

141 844 338 944 prudentiae
364 843 480 942 regula
508 844 722 919 matrimonia
754 844 886 918 isthaec
917 844 1072 918 invalida
1102 870 1254 946 expresse

141 985 208 1033 non
238 957 439 1047 declaravit,
469 960 607 1034 maioris
632 958 749 1033 damni
774 960 903 1034 vitandi
933 985 1069 1049 eausa,
1105 960 1253 1062 privatim

139 1073 234 1148 nulla
249 1100 290 1148 ea
307 1074 415 1148 luisse
432 1074 556 1163 edixit3
578 1102 646 1176 quo
672 1091 802 1175 spectet
826 1075 885 1150 illa
909 1076 1075 1151 formula:
1105 1077 1154 1150 cd
1175 1105 1254 1151 mes·

141 1204 228 1275 lem;
259 1187 384 1263 deinde
412 1189 585 1265 subditur:
613 1217 703 1264 auae
727 1207 776 1264 eet
804 1219 868 1266 aaa
890 1218 958 1265 aeae
980 1192 1102 1266 ualida
1133 1218 1252 1266 aarum·

139 1301 185 1376 da
201 1303 435 1399 (58).1dcirao
451 1306 585 1379 tertium
605 1306 731 1406 pariter
747 1306 813 1380 hoc
830 1321 1066 1406 argumentum
1080 1307 1129 1380 de
1144 1291 1266 1382 canni-¹

139 1418 253 1494 renlia
276 1418 482 1519 apostolieae
505 1421 600 1494 sedis
624 1421 869 1497 eliminandum
893 1438 958 1496 est.

214 1534 410 1634 Gregorinm
434 1536 679 1612 resolvite
704 1537 800 1611 Brevi
825 1538 869 1612 ad
894 1537 1078 1639 episcopos
1100 1538 1251 1613 Basarim

141 1676 339 1750 expressam
377 1678 407 1727 s.
429 1652 524 1726 sedis
553 1653 800 1728 conniventiam
830 1653 924 1728 nulla
955 1678 1102 1753 prorsus
1133 1652 1251 1729 rationo

143 1765 358 1866 significasse
375 1767 497 1842 exinde
515 1782 605 1868 patet
622 1766 714 1868 quod
732 1767 768 1840 in
781 1793 821 1843 eo
832 1767 877 1842 de
889 1767 1167 1843 clandestinitate
1182 1794 1251 1843 con·

143 1881 310 1982 iugiorum
335 1910 378 1958 ne
401 1884 541 1958 verbum
565 1883 703 1984 quidem
720 1882 897 1958 habeatur.
919 1883 1022 1957 Totus
1040 1883 1150 1982 igitur
1169 1909 1249 1959 sum·

144 2022 220 2071 mus
239 1998 388 2098 pontifex
407 1997 471 2071 suit
482 1997 517 2071 in
530 1997 713 2072 asserenda
729 1996 962 2097 coniugiorum
979 1997 1158 2086 firmitate,
1174 2021 1250 2099 qum

140 2112 245 2186 semel
264 2113 411 2213 legitime
423 2141 463 2191 ac
474 2114 586 2189 valide
599 2115 672 2189 sire
684 2113 727 2189 ab
741 2114 919 2189 haereticis
932 2114 1021 2188 inter
1034 2138 1086 2202 se,
1097 2114 1173 2190 sire
1184 2138 1250 2188 oum

141 2228 316 2305 catholicis
331 2230 454 2304 luerint
470 2228 648 2304 celebrata.
660 2230 821 2331 Adeoque
836 2245 996 2305 extranea
1006 2228 1152 2304 omnino
1164 2242 1246 2313 sunl,

139 2368 228 2444 quae
251 2343 295 2419 ab
318 2343 521 2421 adversariis
548 2345 724 2433 dicuntur,
762 2371 784 2419 a
809 2344 1006 2447 quaestione
1034 2343 1103 2420 huc
1128 2359 1245 2421 noema.

141 2454 212 2533 lmo
228 2485 295 2533 non
313 2459 436 2534 desunt
453 2459 665 2547 documenta,
681 2486 768 2559 quae
786 2460 943 2534 evincant
958 2459 1159 2558 Gregorium
1171 2457 1246 2532 xil.

139 2575 329 2674 oppositam
359 2602 498 2676 prorsus
528 2577 726 2650 sententiam
749 2577 915 2664 tenuisse,
942 2601 1032 2676 quae
1057 2577 1183 2676 partim
1206 2574 1244 2646 al-

140 2688 324 2779 istasunt,
344 2692 467 2789 partim
490 2693 671 2767 allerontur
685 2695 774 2789 (ll).
793 2693 899 2790 igitur
918 2708 951 2766 et
969 2692 1035 2766 hoo
1055 2692 1248 2766 fundamen

211 2870 262 2933 (58)
278 2871 317 2921 ct.
334 2875 436 2936 Nepom.
449 2875 559 2937 Tmpper
577 2886 607 2924 ex
623 2873 678 2924 ord.
690 2873 751 2923 min.
768 2875 907 2924 tractatas
922 2871 977 2923 duo
991 2873 1018 2921 lo
1035 2871 1137 2938 qulbus
1152 2869 1246 2938 impedi

137 2953 228 3002 merila
239 2953 402 3004 matrimonii
418 2956 585 3005 contractam
599 2953 769 3019 imperitantis
784 2956 811 3004 et
826 2952 979 3005 dlrtmmtia
992 2952 1189 3018 explanantur.
1203 2953 1245 3004 llo

137 3031 220 3082 naohli
236 3037 303 3083 ltili.
319 3033 382 3096 part.
395 3033 427 3083 11.
440 3046 465 3083 n.
480 3037 534 3084 557.

210 3111 298 3175 llelpsa
310 3111 334 3161 ln
348 3125 422 3162 causa
435 3111 597 3164 nollendloc
607 3116 844 3164 matrimoniorum.
858 3119 898 3163 25.
909 3112 1010 3177 augusti
1025 3120 1096 3165 roal.
1110 3116 1136 3166 el
1148 3115 1173 3165 in
1183 3122 1246 3164 causa

137 3190 316 3243 Boscoducerrsi
331 3199 366 3243 ll.
377 3191 448 3242 Febr.
464 3199 532 3244 loll.
542 3206 604 3243 secr.
616 3206 701 3256 congr.
709 3193 805 3243 censuit
815 3191 986 3243 abstinendum
994 3191 1156 3258 inexpressa
1167 3191 1246 3244 raom·

137 3272 219 3336 tione,
230 3274 272 3324 sed
284 3273 419 3339 rescripsit:
431 3276 577 3325 secretario
587 3287 648 3325 cum
658 3276 826 3326 sauclmmmo
835 3273 871 3325 ad
880 3277 1004 3326 maaian.
1015 3277 1050 3326 Ut
1063 3278 1150 3327 autem
1159 3271 1247 3340 exponit

135 3351 204 3402 card.
216 3354 287 3404 Petra
301 3353 348 3404 loo.
359 3342 438 3403 cll'n.
451 3361 480 3405 ue
492 3367 545 3418 seq.
557 3374 570 3397 «ι
579 3354 704 3405 Sententia
715 3354 815 3417 quidem
829 3366 879 3404 sac.
887 3353 1084 3418 congregationis
1094 3357 1159 3420 erat,
1175 3353 1246 3406 moiri·

138 3431 221 3481 monle
228 3431 406 3483 haereticorum
416 3447 473 3484 curn
484 3431 612 3483 catholicis
622 3446 705 3483 eoram
715 3431 828 3482 ministro
839 3432 962 3482 haeretico
971 3432 1002 3482 iis
1010 3432 1037 3481 ln
1044 3432 1110 3483 locis
1121 3434 1246 3492 conuecta,

136 3521 190 3562 taso
203 3511 324 3576 invalida,
335 3513 379 3564 sed
391 3515 532 3564 tamennon
544 3513 659 3578 expedire
672 3513 815 3564 huiusmodi
826 3513 1015 3564 declarationem
1030 3513 1121 3577 edere,
1134 3527 1167 3566 ne
1177 3513 1247 3566 eruo

136 3590 178 3642 lici
195 3592 299 3644 nimium
316 3593 432 3657 gravibus
447 3594 611 3644 obiicerentur
625 3595 766 3658 pericullsn·

209 3671 259 3736 (59)
273 3674 336 3723 Seue
359 3673 384 3723 in
403 3673 511 3736 quodam
532 3676 592 3723 voto
609 3688 652 3737 pro
668 3687 782 3737 suprema
805 3688 825 3724 s.
842 3673 917 3723 officii
933 3686 1046 3736 congreg.
1062 3680 1100 3724 ll.
1114 3678 1178 3739 Aug.
1191 3678 1247 3726 llll.

135 3749 160 3814 §-
173 3759 211 3802 15.
224 3751 259 3803 ila
276 3755 337 3804 tuuc
355 3751 394 3803 alr.
408 3755 509 3804 llnnrus
523 3754 661 3817 cappellari
668 3791 676 3816 ,
690 3757 773 3817 postea
785 3754 918 3816 Gregorius
932 3755 996 3803 1111.
1008 3755 1120 3805 mentem
1131 3768 1201 3806 snam
1211 3752 1249 3804 lat

137 3843 212 3896 super
220 3845 247 3883 re
257 3833 364 3898 aperuit:
379 3854 391 3878 s
399 3823 418 3883 i
427 3833 459 3882 da
472 3835 603 3884 oseerrarsi
615 3834 661 3884 cho
673 3835 696 3883 le
707 3834 863 3899 disposicioni
877 3832 1077 3884 ediclriarazioni
1090 3846 1136 3899 per
1148 3835 1167 3886 ll
1177 3831 1249 3896 napo

136 3912 216 3961 servir
225 3925 331 3976 possono
346 3913 413 3963 bensl
424 3912 449 3962 di
460 3927 553 3963 norma
565 3928 608 3978 por
618 3914 743 3977 giudicare
754 3928 780 3964 se
789 3928 914 3977 consenga
925 3912 1053 3964 estendere
1063 3915 1095 3964 ad
1108 3916 1168 3967 altri
1181 3915 1249 3966 dete

135 3990 221 4042 minati
237 3993 321 4057 luoghi
338 3993 362 4044 la
373 3993 440 4045 detta
451 3993 617 4044 costitunione
628 3993 828 4057 (Benedellina).
839 4007 879 4045 ma
891 4007 940 4044 non
955 4006 998 4058 per
1008 3993 1126 4058 inferire,
1140 3995 1187 4046 che
1197 3993 1248 4044 dun·

135 4070 221 4135 quein
231 4072 308 4136 periti
319 4072 346 4123 di
356 4072 570 4125 circostanreeeco
585 4073 663 4137 porti,
683 4075 729 4124 alre
745 4072 824 4124 ‹lebba
843 4073 891 4124 elle
910 4071 1043 4123 intenderai
1065 4076 1149 4125 estest
1168 4076 1251 4125 alara

137 4152 269 4203 aenz'allra
277 4153 456 4204 dichiaranione
467 4153 531 4204 della
546 4167 565 4202 s
577 4154 643 4216 sede,
651 4153 830 4204 richiedendosl
843 4167 886 4217 per
897 4152 1034 4203 ostenderla
1042 4153 1251 4206 muorel'istaro

134 4243 258 4296 suprema
273 4234 406 4296 aalorllll,
423 4234 455 4284 da
471 4235 513 4284 cui
528 4234 616 4285 emano
631 4248 674 4298 per
690 4234 824 4298 rolando,
838 4234 892 4286 cios
907 4233 1039 4286 l'nutoritl
1055 4235 1209 4300 matilda.»
1220 4235 1250 4283 lin

136 4325 187 4375 qno
212 4314 334 4381 principio
357 4315 483 4366 concludit
501 4327 545 4378 pro
564 4315 677 4367 nullitate
693 4316 796 4367 istcmm
819 4315 1033 4367 matrimoniorum
1057 4315 1104 4370 nbi
1117 4312 1251 4370 mamm

136 4392 260 4447 Benedicti
273 4397 338 4447 xlv.
350 4395 449 4448 etan
461 4407 509 4445 non
520 4394 575 4444 luit.
