2804 5062
219 353 288 454 lli
409 373 472 425 tn.
493 372 528 425 ιι.
547 370 638 424 sacr.
656 370 789 423 mam.
809 370 852 423 nr
870 369 996 421 rormr.
1018 369 1132 422 arsur.

289 489 486 566 Communis
508 487 552 563 ad
568 487 655 562 haec
671 485 905 584 theologorum
920 486 1100 586 responsio
1121 501 1189 574 est,
1208 510 1250 560 ca
1267 504 1330 561 tnm

217 631 294 682 esec
318 619 530 702 exaggerata,
552 627 593 677 ac
611 601 641 676 si
664 601 766 675 nimis
784 617 995 698 urgeantur;
1017 599 1237 700 expluribus
1259 601 1331 676 aliis

218 720 387 822 capitibus
405 745 506 820 posse
524 718 616 792 iuxta
629 715 796 792 eiusmodi
814 716 1001 790 aulicorum
1014 733 1163 791 mentem
1182 717 1330 792 odiosam

218 837 313 913 reddi
331 834 544 935 principibus
568 833 713 907 ethnicis
733 832 955 906 christianam
983 832 1249 932 professionem,
1268 849 1332 908 tam

219 951 352 1026 abunde
365 948 576 1050 compensari
589 974 630 1022 ex
643 946 820 1047 multiplici
834 945 1060 1022 emolumento
1072 949 1166 1047 quod
1180 947 1332 1023 incthni-

219 1094 276 1143 cos
303 1066 474 1167 principes
495 1091 536 1138 ex
553 1063 763 1162 professione
789 1062 960 1160 religionis
984 1063 1221 1152 christianae,
1247 1090 1331 1165 qma

218 1182 303 1257 adeo
319 1181 502 1278 morigeros
517 1178 627 1252 reddit
643 1194 744 1278 atque
756 1177 983 1278 obsequentes
997 1178 1173 1267 subditos,
1190 1205 1232 1253 ac
1244 1179 1333 1279 prin·

219 1298 332 1406 cipum
358 1298 433 1371 iura
462 1311 555 1371 sarta
577 1311 731 1395 tectaque
748 1310 871 1369 seruat.

291 1413 397 1500 Sane,
415 1411 595 1512 inquiunt,
615 1427 730 1508 posset
752 1409 925 1509 quispiam
949 1410 1075 1510 pariter
1096 1411 1333 1512 prosequendo

218 1526 432 1602 lannoiannm
453 1524 656 1600 catechesim
674 1525 721 1598 ita
747 1525 931 1624 principem
949 1524 1120 1599 ethnicum
1141 1542 1332 1626 competen-

219 1659 287 1718 tcm
309 1642 354 1717 ad
373 1641 567 1740 religionem
582 1640 800 1715 christianam
818 1642 980 1716 invitare:
1000 1641 1092 1716 Scire
1105 1641 1228 1731 debes,
1249 1643 1332 1743 prin-

217 1782 300 1859 ceps
317 1758 455 1857 optime,
478 1773 511 1832 te
527 1757 675 1832 crastina
695 1757 772 1846 die,
789 1772 968 1858 postquam
991 1757 1202 1858 baptismum
1221 1784 1333 1833 susce

220 1873 334 1972 peris,
359 1888 392 1947 et
412 1870 583 1947 Christum
612 1888 815 1947 servatorem
840 1887 936 1946 tuum
952 1899 993 1947 ac
1009 1890 1164 1949 nostrum
1182 1874 1332 1949 indueris

221 1987 296 2063 sins
319 1986 421 2087 culpa
445 1984 515 2061 nlla
539 2003 597 2060 tua
621 1987 828 2061 amissurum
852 2013 930 2062 esse
954 2002 1079 2062 certam
1108 2004 1331 2088 potestatem,

221 2128 311 2204 quae
327 2102 371 2177 ad
389 2103 482 2200 regni
508 2103 557 2176 tui
582 2102 861 2202 subditorumque
888 2118 1022 2177 tuorum
1047 2129 1148 2203 opes,
1179 2104 1332 2192 diuitias,

220 2217 396 2294 facultates
419 2217 676 2317 amplificandas
704 2218 848 2292 maxime
872 2235 1036 2319 spectant.
1061 2219 1146 2293 Nam
1172 2245 1238 2318 per
1260 2246 1334 2320 par·

222 2349 289 2408 tem
312 2333 392 2407 anni
417 2357 485 2406 non
515 2331 730 2420 mediocrem,
754 2347 835 2432 puta
860 2358 920 2433 per
949 2332 1022 2407 dies
1046 2333 1150 2407 festos
1176 2333 1335 2407 intermit-

223 2463 310 2521 tetur
326 2445 542 2544 agrioultura,
564 2448 766 2520 commercia
787 2446 988 2535 cessabunt,
1009 2473 1075 2521 non
1093 2447 1336 2522 exercebuntur

223 2579 448 2647 mercaturae,
480 2563 648 2636 vacabunt
677 2563 844 2662 emporia,
878 2590 980 2663 opera
1011 2563 1170 2637 desinent
1204 2564 1335 2639 seruilia

225 2678 338 2751 omnia
364 2679 488 2776 quibus
514 2678 555 2750 ad
583 2678 781 2777 populorum
803 2680 1077 2752 sustentationem
1103 2679 1193 2753 nihil
1212 2680 1335 2754 condu-

224 2790 372 2878 cibilius,
384 2793 634 2890 conquiescent.
647 2793 735 2879 Quid
749 2794 838 2892 quod
853 2794 1017 2867 teneberis
1027 2810 1131 2894 tuque
1144 2796 1266 2895 tuique
1274 2821 1337 2868 om·

227 2930 288 2978 nes
316 2905 484 2979 abstinere
509 2933 529 2978 a
553 2907 728 2994 carnibus,
754 2908 904 2981 ieiunare
927 2935 992 2982 non
1018 2909 1270 3008 infrequenter,
1293 2910 1337 2981 di·

225 3021 327 3120 ligere
352 3021 526 3108 inimicos,
557 3049 692 3120 parcere
717 3023 801 3121 ipsis
828 3039 861 3097 et
881 3023 1094 3112 benefacere,
1123 3042 1337 3098 contemnere

225 3138 361 3212 diuitias
382 3137 417 3209 in
435 3137 509 3236 ipsa
529 3138 721 3210 divitiarum
737 3140 886 3211 omnium
904 3139 1131 3226 abundantia,
1155 3140 1336 3213 humanam

225 3254 365 3350 gloriam
392 3255 587 3351 aspernari:
610 3254 692 3326 haec
718 3254 807 3327 enim
826 3256 939 3327 omnia
964 3257 1110 3354 postulat
1134 3257 1189 3327 cui
1218 3282 1336 3329 nomen

226 3369 308 3440 dare
325 3369 423 3468 cupis
442 3369 571 3466 religio.
600 3370 681 3442 Vide
703 3387 865 3469 quantum
890 3370 950 3443 tibi
970 3397 1085 3443 sumas
1111 3373 1238 3445 oneris.
1270 3374 1336 3444 lam

226 3484 313 3557 uiuis
337 3500 428 3570 tuus,
450 3485 630 3584 nullusque
647 3504 697 3558 est
714 3486 768 3558 oui
789 3486 949 3559 rationem
973 3487 1111 3559 reddere
1137 3487 1267 3560 debeas
1293 3488 1338 3559 fa·

225 3615 352 3673 ctorum
385 3616 536 3673 tuorum:
562 3618 595 3673 at
620 3617 776 3700 suscepta
806 3601 909 3675 semel
937 3599 1120 3674 christiana
1147 3603 1334 3700 religione,

225 3714 470 3788 secretissimas
496 3715 663 3802 actiones,
680 3717 748 3789 imo
768 3733 801 3789 et
815 3718 908 3816 ipsas
931 3717 1171 3792 arcanissimas
1195 3718 1337 3818 (siquid

227 3829 260 3899 in
288 3830 329 3902 iis
359 3848 474 3903 contra
499 3831 605 3929 legem
633 3832 850 3906 christianam
877 3833 963 3906 ultro
990 3833 1048 3905 tibi
1074 3834 1236 3933 obrepat)
1253 3835 1338 3932 cogi·

228 3945 392 4032 tationes,
413 3946 537 4046 quibus
556 3948 638 4021 adeo
657 3975 758 4046 saepe
780 3948 962 4048 pascimur,
984 3976 1058 4022 cum
1083 3949 1201 4049 aliquo
1226 3978 1245 4023 c
1272 3950 1336 4025 tuis

227 4149 273 4208 les,
289 4148 330 4196 alii
345 4149 477 4211 inhabiles,
496 4155 569 4213 prout
584 4153 709 4202 communi
724 4153 788 4202 bono
804 4153 915 4216 expedit,
927 4153 1071 4203 redduntur.
1083 4156 1150 4204 Haec
1159 4154 1298 4205 admonitio
1307 4154 1336 4203 td

224 4229 414 4278 contemtionem
430 4230 556 4281 doctrinae
571 4235 703 4283 recentium
720 4235 902 4296 theologorum,
913 4238 941 4283 ut
951 4235 1066 4285 cnmrtlus
1080 4234 1202 4285 accedit.»
1213 4240 1270 4298 Pag.
1283 4240 1333 4284 7⁰5.

223 4310 248 4357 et
264 4307 352 4358 iurum
363 4323 418 4373 pap.
426 4315 479 4361 747.
490 4312 529 4362 cd.
541 4313 583 4362 cit.
