2804 5062
178 401 1117 467 casnnnrorsa.rums.nuumrurncmrssmau.
1161 385 1230 466 9Βο

125 542 256 630 ρωπίαν.
267 520 381 631 Atque
400 520 622 604 baeo‘contrn
655 531 841 606 launoium
859 523 936 629 ’(Ἷῦ)
950 531 1079 632 aquod'
1095 532 1137 607 ad
1154 553 1234 608 ‘ram

125 646 336 746 piaesentem
353 638 445 732 lucit,
461 635 641 718 concilium
654 670 720 718 non
735 641 887 743 petiit'ab
899 642 1100 746 imperatore
1112 644 1232 745 legem,

125 784 192 862 qua
210 759 426 832 dirimeretur
441 760 634 857 coniugium
647 760 813 834 eiusmodi
828 817 836 848 ‚
857 757 1000 861 ideoque
1015 761 1136 834 'inferri
1155 762 1235 835 inde

125 875 241 976 nequit
264 872 453 948 communis
478 890 548 947 tum
574 873 737 948 eeclesiae
754 891 824 948 tam
850 875 1061 976 principibus
1085 893 1234 977 potestas
1317 956 1319 962 ,

125 988 290 1064 sumendi
316 986 557 1089 impedimenta
580 985 784 1063 dirimentis.
872 989 875 993 ’
987 989 990 996 ’

191 1102 286 1178 ldem
310 1103 367 1176 dic
390 1103 434 1176 de
457 1103 600 1178 concilio
630 1103 831 1180 lateranensi
850 1107 876 1178 l.
894 1106 1078 1182 dummodo
1106 1107 1235 1207 integra

125 1214 195 1293 cios
205 1215 314 1293 ¹verba
327 1219 522 1306 alsemntur,
540 1244 628 1319 quae
640 1219 726 1294 baec
739 1237 833 1294 sunt:
849 1221 1145 1297 «coniunctionem
1159 1249 1237 1298 oon⁸

125 1329 380 1433 sanguineomm
394 1328 477 1407 ¹fieri
501 1334 739 1434 probibemus:
755 1332 915 1438 quoniam
941 1364 1000 1412 eas
1022 1354 1056 1412 et
1081 1338 1233 1428 diuinae,

125 1449 275 1526 st'secnli
294 1450 474 1550 probibent
487 1450 594 1548 leges
611 1453 715 1549 Leges
732 1452 823 1526 enim
841 1452 975 1527 divinae
992 1454 1058 1528 boo
1074 1470 1232 1553 agentes,

125 1581 152 1641 st
175 1589 238 1641 eos
263 1566 322 1667 qui
347 1592 388 1638 er
413 1568 463 1640 eis
487 1567 673 1667 prodeunt,
695 1593 762 1642 non
780 1567 888 1643 solum
905 1569 1065 1658 eliciunt,
1087 1570 1146 1646 sed
1163 1597 1237 1644 mn·

125 1677 254 1757 lsds‘ctos
271 1681 462 1783 appellant;
484 1682 576 1780 leges
595 1710 675 1758 voro
695 1684 800 1758 seculi
828 1686 968 1785 infames
989 1686 1074 1760 tales
1097 1685 1155 1760 eos
1178 1711 1236 1762 vo

125 1812 249 1871 cant-ct
265 1796 309 1870 ab
327 1796 525 1870 boueddmc
551 1798 726 1897 repellunt.
749 1801 817 1872 Nos
838 1799 951 1899 itaque
971 1815 1084 1900 potres
1109 1816 1235 1873 nostros

125 1928 284 2014 squcotss
302 1911 439 1985 inlamia
457 1932 515 1986 eos
534 1911 701 2000 notamus,
714 1928 747 1985 et
759 1912 902 1987 inlames
922 1940 999 1987 csse
1016 1918 1232 1988 censemus.»

125 2027 308 2103 Concilium
335 2026 437 2125 igitur
456 2030 663 2102 vauctoritate
697 2054 788 2116 sua,
823 2029 1053 2129 insistensque
1080 2029 1235 2128 vestigiis

125 2147 296 2230 mierum,
318 2168 380 2218 seu
396 2143 576 2232 ecclesiae,
602 2143 775 2244 prohibuit
799 2171 932 2217 rursum
962 2144 1029 2217 iam
1047 2145 1235 2245 pmscripta
1292 2148 1295 2152 ’

125 2259 447 2357 consanguineorum
460 2259 630 2356 coniugia.
643 2259 771 2333 Adiecit
788 2261 988 2333 mentionem
1007 2261 1118 2358 logum
1141 2287 1234 2337 secu·

125 2378 239 2455 larium
258 2376 302 2451 ad
324 2373 484 2451 maiorem
506 2377 671 2451 eiusmodi
698 2377 939 2451 connubiorum
965 2378 1230 2454 detestationem.

125 2494 274 2569 laterum
292 2491 384 2565 iuxta
401 2492 513 2592 ipsum
532 2492 709 2566 concilium
728 2492 820 2590 leges
838 2493 924 2566 istae
938 2493 1042 2567 seculi
1057 2493 1143 2565 nibil
1155 2512 1234 2568 con·

125 2595 226 2685 buerit
243 2608 286 2681 de
299 2609 481 2680 irritatione
499 2606 725 2695 matrimonii,
747 2607 807 2681 sed
830 2608 938 2682 solum
960 2625 1073 2683 notam
1095 2607 1235 2682 inurunt

125 2723 280 2798 infamiae
305 2723 356 2796 sic
384 2721 682 2809 contrahentibus,
712 2748 838 2822 eosque
854 2723 1061 2797 haereditate
1079 2723 1230 2824 privant3

125 2832 208 2943 mae
228 2864 357 2941 poenae
377 2864 467 2912 mere
492 2838 608 2913 civiles
635 2853 732 2926 sunt,
761 2855 794 2912 et
819 2838 947 2914 babent
962 2866 1023 2940 pro
1041 2841 1173 2916 obiecto
1189 2840 1235 2915 sl⁴

125 2954 227 3032 leotus
248 2954 376 3029 civiles.
1103 2951 1108 2960 ’

137 3106 140 3115 ·
173 3072 241 3145 'Da
265 3087 376 3145 mente
402 3096 449 3144 ss.
468 3070 635 3144 Ambrosii
663 3087 696 3145 et
721 3071 898 3170 Augustini
926 3074 1008 3146 satis
1033 3073 1193 3146 diximus.

191 3185 320 3260 Eadem
345 3212 446 3286 porro
471 3186 616 3274 ratione,
645 3212 713 3287 qua
737 3188 889 3287 exposita
907 3203 987 3261 sunt
1003 3211 1090 3287 quae
1114 3187 1234 3260 allero·

125 3303 242 3376 bantur
258 3291 390 3376 a'oonc.
408 3301 628 3391 lateranensi,
649 3303 770 3402 exponi
791 3302 914 3376 debent
930 3301 1031 3376 allata
1049 3329 1132 3376 rom⁶
1150 3328 1235 3402 pon·

125 3420 247 3494 lilinum
277 3404 323 3492 et
340 3418 574 3505 conciliorum,
602 3423 632 3492 si
660 3441 748 3519 quac
773 3433 873 3506 sunt3
903 3420 1058 3493 nimirum
1089 3420 1132 3492 de
1161 3419 1235 3518 lege

125 3550 257 3610 externa
281 3534 391 3634 quoad
410 3534 527 3607 civiles
547 3535 709 3616 ollactus,
733 3560 792 3606 seu
812 3535 854 3607 de
869 3534 997 3607 ambitu
1016 3534 1128 3632 legum
1150 3534 1234 3607 oiri-

125 3635 224 3738 lium}
247 3675 335 3750 quae
360 3672 542 3749 numquam
562 3677 639 3723 sose
656 3650 699 3723 ad
717 3650 887 3724 vinculum
902 3701 909 3737 ,
923 3669 992 3723 seu
1010 3649 1234 3724 substantiam

125 3765 268 3864 coniugii
292 3765 469 3838 extendere
495 3780 652 3865 possunt,
680 3757 717 3837 ut
742 3759 962 3838 ostendimus.

191 3868 313 3955 llirum
331 3896 383 3956 est
401 3907 500 3981 posse
517 3909 538 3955 a
555 3882 730 3955 catholicis
748 3882 831 3955 viris
850 3881 1021 3980 provocari
1036 3880 1079 3953 ad
1094 3908 1123 3953 a.
1146 3880 1231 3954 Tho

125 3997 278 4072 mamad
313 3997 530 4071 asserendam
562 3997 773 4097 principibus
803 4014 1018 4098 potestatem,
1052 4023 1153 4097 quam
1185 3997 1235 4070 oia

125 4140 148 4188 ι.
164 4113 289 4188 Ductor
317 4130 507 4188 constanter
531 4129 563 4186 et
589 4115 714 4213 apertis
740 4113 851 4186 verbis
879 4113 1069 4210 denegavit.
1092 4111 1139 4184 Ac
1156 4137 1236 4184 nea

191 4303 243 4369 (76)
259 4305 338 4355 Cuius
352 4305 475 4370 ampullae
490 4305 555 4354 bunc
570 4317 643 4370 super
659 4317 777 4355 canonem
796 4305 957 4367 evanescuut3
974 4303 1098 4368 siquidem
1114 4303 1234 4364 integmm

125 4382 206 4436 &olium
217 4383 284 4436 clrra
296 4385 376 4450 ipsum
388 4383 504 4447 lusumlt,
515 4396 636 4449 saepeque
647 4383 679 4434 ad
689 4396 745 4435 eum
762 4383 879 4442 roeurrit,
895 4383 964 4435 volnt
976 4383 1008 4434 ad
1023 4381 1142 4435 scultro·
1151 4392 1232 4432 sunm.
