2804 5062
146 339 231 425 392:
292 416 309 423 ..
328 362 929 433 .tn·u·..flnu,·;nunas-namare·
951 360 1079 431 cunt·
1110 414 1115 425 .
1146 388 1172 431 .·
1207 400 1211 409 -

186 540 201 563 .·
217 483 336 556 Verum
358 482 553 582 ,pronunti
579 483 746 571 auuorjs,
775 482 865 571 tau
891 483 1257 583 omnismspeeisn

145 598 282 700 quidem
300 598 450 688 venatis
467 597 592 685 habere
605 597 759 688 sidentur
769 621 786 685 ,j
798 597 862 673 snt
877 598 1008 675 absona
1018 613 1103 687 sont
1119 624 1260 699 prorsus

143 740 183 789 ao
210 714 446 814 paralogistioa
475 716 563 817 (tt).
580 715 664 787 Nam
683 717 717 786 1.
734 713 897 801 absonum
919 731 972 789 ost
997 714 1084 788 duas
1112 731 1257 816 potestn-

143 847 389 930 tessupromas
406 855 447 902 uo
464 829 728 928 independentes
752 854 854 929 poseo
871 829 992 913 eodem
1016 829 1104 909 iure¹
1118 829 1257 930 aliquod

144 945 312 1021 obiectum
320 944 515 1053 possidere·
521 945 695 1045 Repugnat
710 944 922 1036 eruimbonus
938 970 1063 1031 sensns
1075 944 1161 1021 huic
1171 944 1258 1019 affir-

141 1061 355 1147 mationiex.
366 1087 422 1159 gr.
437 1059 528 1160 quod
541 1060 609 1135 duo
621 1059 725 1159 pleno
736 1059 808 1145 iure
825 1059 1135 1150 eamdemdomum
1145 1116 1158 1150 ,
1170 1054 1263 1135 idam

143 1177 312 1263 vinetum,
340 1158 636 1273 eumdomagrum,
659 1176 1063 1277 possideantsqusmviu*
1081 1175 1184 1255 ,tituto
1208 1174 1262 1251 di·.·

143 1317 255 1369 uerso
274 1293 310 1389 2.
327 1289 504 1375 Absonum
511 1307 566 1380 est
576 1317 726 1373 asserere
741 1316 808 1366 non
818 1316 925 1392 posse
934 1292 1003 1369 duo
1015 1290 1257 1391 impedimenta

145 1405 380 1506 osseproprie
395 1405 688 1499 ·,oontradiotorip‚
717 1423 754 1481 ut
779 1406 1008 1506 supponitur,
1042 1406 1138 1483 ciros
1171 1405 1255 1481 idem

145 1520 335 1615 obieotumj
363 1546 404 1594 eo
430 1520 520 1620 quod
545 1521 614 1595 sint
642 1522 730 1597 duae
755 1522 974 1619 nmationes,
1007 1547 1072 1613 sou
1099 1520 1190 1597 duae
1207 1521 1256 1601 in·

145 1636 370 1736 capacitates;
389 1661 452 1710 nee
476 1637 568 1727 enim
594 1637 706 1735 agitur
731 1637 774 1712 de
799 1663 955 1713 concursu
978 1636 1127 1723 duarum
1149 1652 1256 1713 auoto-

146 1753 296 1833 ritutum.
312 1751 609 1851 independentium
635 1753 670 1825 in
700 1751 913 1854 apponendis
934 1751 1082 1844 jdnobue
1118 1752 1256 1853 impedi·

145 1867 266 1941 mentis
300 1867 499 1955 distinctis,
534 1867 595 1943 sed
630 1869 740 1967 agitur
768 1869 811 1945 de
840 1867 973 1943 duabus
1003 1867 1260 1943 auetoritatibus

146 2008 288 2082 quarum
303 1981 407 2057 altera
420 1983 550 2057 irritum
565 1984 756 2083 saoit,quod
769 1981 874 2058 altera
884 1983 1032 2058 ualidum
1046 1983 1253 2083 pronunciat.

146 2097 196 2172 Sit
215 2096 405 2197 exemplum
425 2098 461 2169 in
483 2099 694 2174 matrimonio
716 2097 860 2174 filiorum
882 2097 1027 2172 familias
1049 2097 1185 2199 absque
1201 2123 1256 2199 pa·

147 2230 277 2295 rantum
298 2240 485 2303 eonsensu3
507 2212 650 2289 eeclesia
662 2214 745 2288 illud
758 2213 907 2303 ¹validum
930 2213 1083 2303 declarat
1098 2214 1167 2303 suh
1184 2240 1256 2288 anu·

147 2328 304 2403 thematis
329 2328 822 2417 interminatione31exeivilis
844 2329 986 2421 irritum·
999 2329 1205 2430 pronunciat
1218 2353 1257 2402 ae

148 2442 272 2531 nuliius
299 2441 450 2529 roboris;
475 2441 641 2542 quomodo
666 2442 733 2517 hoe
751 2443 786 2515 in
808 2469 890 2517 casu
907 2443 1004 2519 uitari
1031 2444 1158 2544 poterit
1182 2468 1254 2518 eon·

147 2556 331 2631 tradictio?
357 2557 448 2629 ldem
474 2557 530 2629 dic
555 2557 597 2629 de
623 2559 756 2653 ceteris
778 2561 811 2629 3.
833 2557 1016 2650 Absonum
1032 2574 1086 2631 est
1111 2583 1255 2634 asserere

146 2671 238 2747 haud
258 2697 358 2769 posse
374 2670 550 2743 eeclesiam
569 2671 706 2745 reiicere
723 2688 894 2771 tamquam
913 2671 1041 2744 nullum
1060 2671 1148 2747 ittud
1162 2673 1255 2770 impe

147 2786 333 2858 dimentum
356 2786 446 2886 quod
468 2787 662 2887 apposuerit
687 2802 834 2887 potestas
859 2787 989 2876 civilis,
1013 2784 1081 2860 nisi
1106 2789 1155 2862 sit
1176 2788 1255 2861 iuiu-

148 2916 257 2988 stum,
283 2900 556 2999 quandoquidem
582 2918 711 3000 praeter
738 2902 936 2975 iniustitiam
953 2901 1091 2974 insitam
1111 2903 1146 2974 in
1166 2903 1255 2976 insti-

148 3015 274 3088 tutione
291 3014 434 3089 alieuius
452 3015 701 3116 impedimenti,
718 3016 832 3115 plures
851 3032 959 3116 potest
975 3015 1124 3097 ecelesia
1141 3042 1255 3092 causas

148 3127 292 3231 habore,
313 3156 417 3230 quare
440 3129 522 3202 illud
545 3147 699 3231 respuat,
724 3131 1025 3230 quemadmodum,
1042 3146 1080 3204 ut
1092 3131 1253 3220 vidimus,

148 3244 245 3345 plura
263 3245 376 3319 reiecit
393 3272 432 3318 ex
451 3244 494 3317 iis
508 3271 595 3344 quae
617 3245 764 3317 huruuua
787 3271 846 3318 seu
869 3244 958 3317 civili
972 3244 1056 3342 tege
1079 3247 1256 3321 constituta

149 3376 261 3447 erant;
283 3387 344 3434 nec
361 3359 463 3432 ullam
483 3360 550 3432 vim
569 3360 681 3461 reipsa
699 3359 888 3434 habuerunt
908 3376 984 3464 post
1001 3344 1092 3434 hano
1111 3361 1255 3436 reiectio

150 3502 253 3562 nom,
282 3477 343 3548 etsi
370 3503 429 3575 per
454 3502 491 3549 se
518 3502 584 3551 non
609 3477 734 3549 iniusta
760 3494 891 3564 assent,
919 3502 972 3549 ex.
993 3503 1044 3575 gr.
1067 3477 1254 3578 coniugium

149 3590 436 3665 consobrinorum.

222 3709 300 3779 Post
331 3734 441 3805 quae,
477 3707 610 3806 longam
642 3710 725 3782 satis
759 3709 990 3808 prolixamque
1019 3709 1148 3783 adiecit
1173 3709 1255 3782 idem

149 3839 264 3896 auctor
281 3823 556 3922 disceptationem
570 3825 657 3897 eirca
672 3825 889 3897 fundamenta
907 3825 1139 3922 theologorum
1157 3843 1256 3900 exter-

149 3965 266 4011 norum
285 3958 317 4012 et
334 3938 496 4038 gallorum
520 3939 562 4010 ad
585 3941 659 4013 iura
682 3942 871 4044 principum
895 3941 1086 4015 abiicienda
1102 3943 1155 4016 vel
1171 3967 1256 4025 asse-

150 4052 255 4124 reoda
266 4079 306 4125 ac
318 4053 449 4141 fatetur,
463 4054 552 4153 quod
571 4055 599 4127 si
619 4083 672 4128 res
687 4081 726 4127 ox
740 4056 935 4129 auctoritate
953 4056 1036 4129 soret
1054 4055 1253 4142 dirimenda,

222 4237 272 4299 (78)
288 4238 326 4286 ct.
338 4239 483 4302 Roskouany
496 4253 538 4303 op.
549 4241 592 4290 ett.
600 4241 623 4304 §.
631 4245 669 4291 47.
679 4245 729 4303 ta,
737 4241 780 4291 uti
791 4241 909 4291 nonnulla
920 4242 1005 4291 notatu
1017 4241 1093 4305 digus
1104 4243 1257 4295 instruuntur

149 4315 195 4364 trae
212 4317 244 4364 ‹te
260 4329 302 4377 re,
324 4318 405 4378 ouosu
423 4331 479 4380 eoa,
502 4320 544 4381 ortt
568 4321 670 4371 nimium
692 4321 784 4371 uellent
803 4320 917 4384 potestati
937 4321 1005 4371 atriti
1027 4322 1147 4375 tribuere.
1252 4346 1255 4353 ·
