2804 5062
138 341 187 421 ‘io
379 370 440 422 arn.
462 369 497 418 n.
518 368 605 419 sacr.
627 368 649 417 r.
671 368 711 418 na
728 368 853 417 rorasr.
876 366 1000 418 scenas.

142 517 229 591 quae
253 489 351 566 unice
368 515 388 564 a
405 489 574 590 spirituali
600 504 784 589 potestate,
812 489 1000 562 cuiusmodi
1027 505 1078 563 est
1104 507 1255 591 potestas

142 607 321 695 ecelesiae,
347 622 455 707 potest
474 605 604 702 attingi.
623 605 835 705 Quapropter
847 604 1057 694 invenimus,
1074 608 1165 707 quod
1184 609 1258 683 sola

142 723 285 798 ecclesia
302 722 345 796 de
362 720 510 818 coniugii
528 720 663 794 vinculo
683 720 868 795 decreverit
884 747 925 794 ac
942 721 1153 796 iudicaverit.
1176 726 1257 824 Ipsa

143 841 231 914 enim
250 837 457 913 conditiones
476 837 633 937 apposuit
651 836 775 936 quibus
793 837 926 908 firmum
945 836 1028 909 illud
1043 857 1258 937 permaneret

145 970 246 1054 atque
272 953 488 1039 consisteret3
513 952 602 1052 ipsa,
630 978 707 1024 cum
736 967 851 1025 exortu
879 953 1034 1051 quaestio
1063 970 1116 1026 est
1144 971 1257 1028 utrum

146 1068 345 1143 subsisteret
361 1093 422 1142 nec
440 1093 501 1154 ne,
522 1076 591 1140 rem
609 1065 769 1165 expendit
785 1092 825 1139 ac
842 1067 1040 1139 sententiam
1056 1067 1147 1155 tutia
1165 1070 1255 1168 ipsa,

145 1209 249 1260 eausa
265 1209 426 1282 expensa,
442 1183 514 1257 sive
526 1183 615 1257 circa
628 1181 870 1280 legitimitatem
887 1182 1169 1272 contrahentium,
1187 1185 1260 1260 sire

146 1300 236 1374 circa
261 1326 464 1374 consensum
488 1300 605 1373 eiusve
625 1298 811 1385 deiectum,
832 1299 905 1372 sire
921 1299 1012 1373 circa
1028 1299 1259 1375 conditionum

147 1415 296 1492 omnium
315 1441 527 1502 concursum,
546 1441 634 1515 quae
646 1415 688 1487 ad
703 1414 852 1511 coniugii
868 1413 1015 1489 valorem
1030 1408 1257 1515 requiruntur,

148 1531 310 1606 iudicarit
334 1531 378 1604 de
401 1531 476 1630 ipso
505 1531 684 1629 coniugi03
710 1531 777 1603 imo
804 1530 978 1603 constituit
999 1531 1034 1602 in
1053 1531 1127 1603 suis
1153 1531 1262 1605 eccle-

147 1645 297 1721 siasticis
315 1645 541 1720 tribunalibus
559 1671 657 1734 eum,
682 1646 741 1745 qui
758 1643 837 1718 data
854 1671 957 1744 opera
972 1645 1096 1719 vinculi
1115 1647 1262 1745 patroci-

148 1761 243 1836 nium
272 1762 480 1863 susciperet,
505 1788 582 1835 cam
608 1787 731 1836 causae
756 1762 981 1858 agitarentur,
1004 1786 1065 1835 nec
1080 1760 1184 1834 ullam
1202 1788 1264 1834 un·

148 1903 251 1978 quam
271 1878 433 1952 rationem
451 1878 572 1951 hahuit
593 1878 684 1951 illius
703 1877 907 1964 sententiae,
928 1877 1067 1976 quaein
1085 1876 1173 1951 laico
1191 1876 1264 1952 soro

149 1996 371 2093 pronunciata
388 1995 526 2084 suisset,
547 1996 646 2094 quasi
665 1993 892 2070 conscientiae
909 1994 1129 2066 satisfaceret.

221 2110 270 2182 Ex
288 2136 356 2209 qua
374 2126 544 2209 postrema
560 2111 851 2185 animadversione
869 2110 965 2183 tertio
979 2109 1176 2197 adiicimus,
1193 2110 1265 2181 vin-

150 2224 262 2298 culum
290 2226 380 2325 quod
399 2252 440 2299 ex
457 2252 625 2300 consensu
648 2243 680 2298 et
704 2241 914 2299 sacramento
938 2223 1062 2311 oritur,
1089 2251 1166 2300 esse
1192 2252 1262 2299 rem

150 2340 314 2415 internam
339 2358 441 2443 atque
465 2342 709 2428 conscientiae,
736 2341 834 2414 cuius
862 2357 1037 2441 propterea
1057 2341 1157 2414 iudex
1175 2340 1266 2416 alius

151 2481 229 2530 esse
246 2457 363 2556 nequit
376 2473 597 2556 praeteream
610 2455 670 2555 qui
684 2455 908 2529 conscientias
923 2455 1126 2542 moderatur,
1143 2481 1266 2555 nempe

150 2585 300 2669 potestas
323 2570 529 2669 spiritualis,
558 2570 749 2644 cuiusmodi
775 2570 917 2644 ecelesia
934 2588 997 2644 est.
1015 2571 1094 2668 Ipsa
1112 2569 1187 2643 seia
1205 2595 1266 2670 po·

152 2700 217 2759 test
238 2687 273 2758 in
290 2687 515 2761 conscientiae
532 2687 604 2761 iore
621 2686 664 2760 de
681 2714 717 2760 re
735 2687 852 2761 morali
880 2687 1041 2760 iudicium
1070 2686 1263 2773 instituere,

152 2790 261 2877 eovel
279 2802 388 2900 magis
405 2803 496 2903 quod
513 2802 681 2876 interdum
700 2830 741 2876 ea
757 2802 966 2876 celebrentur
983 2803 1158 2900 coniugia,
1179 2828 1268 2902 quae

154 2920 366 2991 conscientiae
395 2936 652 3019 nuncupantur,
681 2947 823 3020 quorum
850 2919 993 2992 ecclesia
1026 2917 1098 2993 sola
1132 2919 1268 2993 conscia

153 3051 226 3122 cst,
246 3033 416 3134 nequead
434 3034 542 3109 sorum
554 3053 727 3109 externum
741 3062 781 3110 ac
795 3037 968 3136 politicum
985 3035 1055 3110 ullo
1073 3034 1174 3109 modo
1192 3061 1270 3135 per-

152 3150 391 3247 veniunt(3i).
403 3152 548 3225 Possunt
560 3168 732 3252 praeterea
746 3152 948 3225 interuenire
966 3176 1091 3224 causae
1109 3151 1266 3239 latentes,

155 3292 243 3364 quae
260 3294 300 3341 ex
317 3267 447 3343 occulto
464 3267 704 3368 impedimento
722 3267 896 3353 oriuntur,
917 3293 1072 3366 quaeque
1095 3265 1267 3352 efficiunt,

155 3397 192 3454 ut
210 3384 381 3456 vinculum
409 3411 473 3459 non
501 3384 684 3473 subsistat,
712 3410 779 3485 quo
797 3382 831 3455 in
849 3408 947 3471 casu,
977 3383 1081 3483 putati
1108 3383 1270 3480 coniuges

157 3499 306 3594 separari
325 3499 369 3571 ab
390 3500 534 3576 invicem
552 3500 686 3574 debent.
703 3500 827 3575 Contra
845 3525 925 3573 vero
944 3498 1015 3572 fieri
1034 3514 1160 3598 potest,
1181 3516 1220 3572 ut
1236 3497 1270 3570 in

225 3784 275 3847 (at)
293 3785 420 3849 Egregium
432 3799 494 3848 opus
505 3786 551 3837 hoc
562 3787 593 3836 de
604 3789 746 3850 argumento
761 3787 861 3849 scripsit
873 3789 959 3836 Fraus.
969 3785 1059 3835 Mazaci
1071 3785 1112 3835 cui
1121 3785 1160 3835 ut.
1171 3787 1210 3834 De
1219 3796 1274 3835 mo·

156 3866 279 3915 trtrnonto
297 3866 470 3916 conscientiae
487 3864 554 3915 liter
568 3865 728 3928 maculeris,
740 3865 790 3915 roi.
803 3878 845 3914 un.
858 3866 1023 3916 iu·t.1iomae
1036 3868 1103 3915 ttae.
1114 3862 1227 3926 iiiudque
1238 3863 1274 3914 ita

156 3943 243 3995 definit
252 3958 306 4010 cap.
315 3948 334 3995 i.
345 3945 399 4009 §.2
412 3966 424 3989 ιι
430 3945 611 3997 Matrimonium
623 3945 690 4010 quod
701 3946 854 3996 caecabitur
866 3959 949 3996 coram
960 3945 1082 4008 parocho,
1093 3945 1137 3994 aut
1150 3943 1228 3994 nitere
1238 3955 1275 3993 sa·

156 4025 256 4076 oerdoto
266 4025 298 4077 ab
309 4040 338 4077 eo
348 4029 389 4078 cui
400 4028 463 4078 iacta
480 4028 514 4078 sit
531 4030 638 4091 potestas
655 4027 790 4089 destinato,
805 4027 950 4089 duobusque
966 4026 1084 4087 tactibus,
1095 4024 1187 4087 relege
1196 4026 1274 4073 utoc·

157 4104 252 4157 cultum
267 4120 364 4172 tempu
376 4107 421 4172 rit,
432 4109 513 4172 {stom
522 4108 579 4159 ideo
589 4108 743 4159 contrahitur
754 4108 869 4170 omissis,
888 4107 1034 4157 ancoritate
1044 4109 1127 4155 umen
1141 4104 1277 4168 superioria

154 4186 431 4253 ,eccloiasticiiisqnac
440 4189 584 4253 praeoedere
593 4189 692 4250 demat,
703 4187 944 4252 proclamationibus,
952 4189 1004 4237 tum
1012 4186 1056 4236 iiia
1071 4196 1150 4248 ,quae
1159 4183 1277 4248 summi

158 4267 232 4319 debet
243 4267 407 4334 descnpttonc
416 4270 442 4320 in
452 4269 578 4320 ordinario
592 4268 806 4320 matrimoniorum
818 4268 906 4319 libro.»
915 4270 995 4325 Quam
1004 4265 1171 4317 definitionem
1180 4276 1224 4314 sen
1235 4276 1277 4327 po·

155 4351 207 4404 tius
218 4350 342 4400 notionem
357 4353 454 4400 enarrat
464 4363 494 4400 ac
504 4349 614 4400 vindicat
626 4361 683 4398 rum
694 4348 747 4398 auia
758 4347 916 4398 consectariis
924 4347 950 4397 in
964 4347 1041 4396 totius
1049 4347 1132 4410 opero
1141 4343 1258 4394 neutram
