2804 5062
151 371 222 447 278
384 393 447 445 um.
468 393 504 445 ιι.
525 392 611 444 sacr.
633 394 657 442 ι.
676 392 718 442 ιιι
735 391 860 444 rorssr.
884 392 1012 452 mcum.

149 510 290 588 Parisiis
315 511 412 611 prius
436 510 595 598 civiliter,
623 509 746 585 deinde
770 535 849 585 vero
877 535 992 586 coram
1021 513 1178 587 ministro
1210 542 1259 590 ev·

96 648 100 655 '
150 626 281 726 qlicuuo
306 626 341 698 in
366 625 458 697 denuo
482 625 630 698 ministri
651 625 738 721 reqii
761 624 951 699 britannici.

225 741 321 817 Hanc
339 741 464 840 excipit
481 740 635 841 quaestio
652 741 822 842 opposita,
843 741 974 816 scilicet
993 769 1135 836 eorum,
1155 746 1214 848 qui
1227 773 1260 821 ex

149 856 235 932 locis
259 854 317 929 uhi
344 873 513 955 receptum
529 868 632 956 atque
648 856 683 927 in
701 882 766 931 usu
783 871 836 931 est
850 856 1024 933 decretum
1047 859 1261 936 tridentinum

149 997 189 1045 se
211 971 387 1046 conferunt
411 969 447 1043 in
472 969 575 1044 alium
600 970 710 1045 locum
735 969 792 1044 ubi
819 970 910 1044 idem
935 971 1109 1049 decretum
1138 1001 1202 1051 nec
1222 1001 1261 1051 re

151 1102 285 1186 neptum
310 1112 420 1186 neque
445 1086 481 1159 in
510 1080 577 1160 usu
601 1103 670 1174 est,
698 1103 736 1160 ut
766 1085 814 1158 ibi
845 1086 935 1161 inire
967 1089 1107 1188 possint
1134 1091 1261 1194 nuptiae

150 1201 226 1276 sine
264 1201 404 1300 parochi
442 1202 646 1302 praesentia.
684 1202 860 1301 Proposita
896 1203 981 1278 haee
1014 1204 1081 1279 fuit
1115 1207 1261 1307 quaestio

150 1314 194 1389 nb
212 1316 471 1416 archiepiscopo
495 1341 605 1414 goano
629 1316 664 1386 in
690 1316 798 1390 ludiis
824 1316 1003 1392 Benedicta
1025 1319 1115 1392 xlv.
1137 1322 1259 1396 Etenim

148 1429 240 1505 haud
266 1457 343 1505 ram
367 1430 557 1520 accidebat,
578 1446 616 1505 ut
639 1432 757 1533 sponsi
783 1457 824 1506 ex
849 1431 908 1506 illa
932 1432 1082 1509 dioecesi
1100 1436 1139 1509 in
1157 1437 1259 1536 proni·

147 1571 241 1621 mum
265 1545 467 1619 territorium
498 1572 535 1619 se
564 1546 771 1635 conferrent,
798 1564 837 1621 ut
863 1547 1074 1624 clandestine
1096 1553 1258 1627 matrina

148 1660 243 1734 nium
256 1660 475 1749 celebrarent,
486 1688 590 1761 quum
604 1660 651 1734 ibi
666 1661 871 1760 publicatum
894 1688 963 1738 non
977 1663 1080 1740 luerit
1094 1664 1256 1742 decretum

149 1776 397 1867 tridentinum,
424 1776 549 1852 deinde
577 1778 740 1877 coniuges
765 1777 809 1852 ad
833 1778 971 1880 propria
993 1781 1254 1861 revertebantur.

147 1894 426 1994 sapientissimus
452 1893 601 1994 pontifex
629 1893 672 1967 ad
707 1893 802 1968 illum
832 1893 972 1993 scripsit
999 1893 1256 1998 celehtemepi·

147 2009 269 2089 stolam
293 2013 400 2109 Super
428 2009 624 2110 quibusdum
653 2008 764 2083 dubiis
784 2009 1032 2108 respicientibus
1058 2013 1255 2089 submutui

146 2126 427 2200 matrimoniorum
447 2127 567 2221 (175),
589 2124 624 2198 in
650 2150 735 2224 qua,
763 2124 813 2198 uti
840 2123 943 2213 solet,
962 2124 1072 2203 variis
1096 2127 1254 2227 theologo·

146 2265 222 2312 rum
248 2264 289 2312 ac
320 2239 405 2312 iuris
435 2238 590 2313 canonici
623 2237 840 2338 interpretum
870 2238 1048 2312 sententiis
1076 2241 1250 2341 expositis,

145 2351 331 2440 concludit,
353 2350 483 2426 nullum
501 2350 635 2425 illorum
652 2377 728 2426 esse
745 2350 951 2426 censendum
968 2351 1190 2453 coniugium,
1204 2380 1251 2454 qu

145 2467 216 2540 illic
239 2467 446 2541 celebrarent
470 2466 528 2539 uhi
554 2483 724 2565 receptum
749 2493 816 2540 non
834 2484 886 2541 est
901 2464 1127 2541 tridentinum
1151 2469 1253 2544 decre·

146 2600 215 2657 tum
242 2610 308 2657 non
335 2583 497 2656 habentes
523 2583 595 2656 eive
613 2581 814 2654 domicilium
838 2598 897 2655 aut
920 2583 1018 2680 quusi
1042 2582 1250 2661 domicilium

145 2695 229 2770 Cum
254 2723 332 2769 vero
357 2695 503 2769 dubitari
531 2715 645 2797 posset
669 2698 838 2797 quodnam
863 2697 1023 2796 temporis
1048 2697 1250 2774 intervallum

145 2812 334 2912 requiratur
351 2813 393 2884 ad
412 2815 510 2909 quusi
525 2813 727 2885 domicilium
743 2813 1022 2912 comparandum,
1045 2816 1167 2891 statuit
1181 2841 1250 2918 pon·

144 2927 239 3001 tilex:
264 2927 391 3014 «Quod
410 2944 590 3025 antequam
604 2930 853 3002 matrimonium
866 2930 1102 3019 contrahatur,
1118 2936 1250 3031 spatium

143 3044 258 3117 saltem
283 3046 381 3115 unius
405 3045 524 3115 meust's
550 3043 607 3117 ille
624 3046 683 3143 qui
702 3044 885 3131 contrahit,
904 3044 1112 3119 habitaverit
1130 3048 1167 3119 in
1187 3047 1249 3121 locu

144 3157 201 3232 ubi
229 3158 478 3231 matrimonium
508 3157 705 3230 celebratur.
727 3188 745 3228 ιι
772 3157 946 3231 Eiusmodi
972 3175 1086 3232 autem
1112 3162 1248 3260 spatium

143 3275 234 3347 iuxta
252 3275 367 3348 civiles
385 3274 522 3373 quidem
541 3273 630 3370 leges
648 3274 794 3361 varium,
816 3272 950 3369 longius
967 3298 1091 3373 nempe
1111 3276 1169 3350 vel
1184 3275 1248 3349 bro·

141 3388 217 3461 vius
243 3415 319 3462 esse
343 3405 470 3489 potest;
492 3389 553 3462 sed
578 3387 720 3461 ecclesia
737 3388 780 3459 ad
798 3387 887 3462 hanc
903 3387 1055 3460 civilium
1075 3389 1190 3488 legum
1204 3413 1248 3463 vu

142 3503 291 3576 rietatem
318 3531 383 3577 non
410 3505 552 3577 attendit
577 3504 799 3602 sequiturque
817 3505 850 3576 in
869 3504 962 3602 praxi
982 3504 1035 3577 ius
1055 3503 1247 3580 ecelesiasti-

141 3645 218 3693 cum
245 3645 314 3717 quo
339 3619 457 3692 saltem
483 3621 585 3693 unius
611 3620 738 3720 mensis
761 3619 907 3718 spatium
927 3619 1112 3718 requiritur
1129 3647 1172 3696 ao
1186 3618 1245 3695 sul·

143 3735 222 3809 ficit.
237 3738 320 3808 Nam
331 3762 487 3832 congreg.
502 3737 634 3810 concilii
646 3738 680 3809 in
690 3763 794 3811 causa
809 3737 1089 3837 aquisgranensi,
1103 3735 1244 3812 consultu

142 3875 244 3949 super
265 3851 437 3923 validitate
455 3851 630 3925 cuiusdam
648 3853 851 3925 matrimonii
868 3850 1075 3950 aquisgrani
1098 3848 1243 3926 celebrati

142 3981 219 4065 post
235 3965 476 4063 aliquantulam
496 3993 622 4037 moram
637 3967 669 4037 in
685 3967 741 4039 illa
755 3968 901 4052 civitate,
917 3967 1050 4038 censuit
1063 3968 1242 4066 exprimen-

139 4077 221 4150 dum
239 4095 383 4177 tempus,
394 4106 462 4179 quo
476 4079 708 4154 contrahentes
716 4079 922 4178 Aquisgrani
937 4098 1152 4166 manserunt;
1165 4074 1240 4179 quod

141 4192 169 4267 si
197 4194 295 4266 luerit
319 4196 434 4266 saltem
460 4200 556 4268 unius
580 4199 711 4280 mensis,
732 4196 879 4269 ιιιιιιιιιιιιι
897 4222 963 4270 csse
981 4195 1180 4271 duisiouem
1190 4215 1240 4294 μθ

210 4361 277 4426 (ltu)
292 4362 362 4428 spuo
379 4377 400 4415 s.
414 4365 517 4416 ιιιιιιιιι
532 4366 651 4443 maiorum
666 4365 708 4416 dle
730 4369 767 4417 ιι.
780 4367 853 4417 Hert
865 4369 934 4418 1758.
