2804 5062
145 349 212 437 lb!
390 384 450 434 nn.
471 386 506 434 n.
528 384 614 434 sacr.
637 384 659 433 r.
681 381 720 432 na
739 383 864 435 rornsr.
887 383 1014 436 amm.
1090 408 1093 413 -
1154 367 1166 399 ’-

143 502 338 576 otoritatem.
367 503 450 574 Nam
473 501 524 574 sie
548 501 621 600 ipse
642 502 874 575 ratiocinatur:
896 502 1072 577 concilium
1098 505 1224 581 trident

63 667 66 673 ,
144 644 222 691 num
248 616 413 716 estquod
438 616 483 690 ad
509 616 743 716 perfectionem
768 617 908 690 adduxit
929 645 1083 692 verarum
1106 624 1224 697 institit

143 730 383 805 relaxationnm
408 731 638 817 existentiam
668 732 843 805 statuendo
860 733 950 806 enim
967 760 1097 808 canone
1115 761 1179 809 seu
1204 762 1224 810 n

142 847 221 945 gule
252 847 399 945 generali
427 845 655 921 ecclesiastiea
687 847 751 945 legi
778 848 978 948 cuicumque
1006 875 1123 924 reram
1156 872 1224 928 exo

144 963 290 1062 ptionem
317 963 484 1037 mediante
508 963 638 1048 indice,
659 963 826 1063 simulque
843 965 1048 1063 iniungendo
1073 966 1224 1042 relaxati

143 1104 257 1151 nema
281 1079 402 1177 quavis
427 1077 655 1152 ecelesiastica
676 1077 748 1175 lege
769 1079 803 1150 in
829 1106 897 1179 qna
921 1081 1113 1155 inveniatur
1133 1108 1224 1183 urqct

143 1196 293 1295 iustoque
316 1197 402 1268 rotr'o
432 1210 463 1268 et
478 1197 584 1267 croior
605 1194 794 1293 quandoque
822 1198 969 1281 utilitas,
998 1224 1038 1270 ex
1062 1224 1133 1272 una
1159 1224 1224 1298 par

142 1310 370 1408 obligationem
396 1311 559 1410 superiori
587 1311 681 1384 bisce
712 1311 747 1382 in
777 1311 913 1386 casibus
938 1312 1186 1413 dispensandi,
1213 1341 1224 1389 t

143 1423 249 1498 altera
280 1451 358 1500 vero
388 1425 442 1499 ius
472 1426 514 1500 'ad
548 1426 833 1525 dispensationem
866 1425 1002 1502 subdito
1032 1428 1148 1503 inesse
1173 1454 1224 1505 oct

144 1541 368 1639 fflmfflw

214 1656 275 1732 Ast
299 1656 397 1757 plura
421 1657 497 1732 beie
514 1675 592 1734 sunt
609 1657 926 1744 animadvertenda,
946 1685 986 1733 ae
1003 1662 1037 1731 t.
1059 1659 1153 1758 quod
1170 1686 1224 1736 cot

142 1772 257 1847 cilium
275 1799 435 1848 canonem
455 1801 515 1849 seu
532 1773 701 1848 decretum
721 1800 821 1847 suurn
837 1773 951 1848 emisit
967 1774 1010 1847 ad
1027 1775 1224 1850 coercendo

143 1887 255 1988 potins
272 1915 375 1988 quarn
392 1889 436 1964 ad
453 1888 697 1963 extendendum
717 1887 958 1963 relaxationem
975 1913 1092 1973 usum,
1114 1906 1152 1963 ut
1164 1907 1224 1990 pst

143 2032 184 2079 ex
207 2003 377 2103 prooemio
393 2004 545 2078 eiusdem
569 2003 693 2078 decreti
710 2001 754 2076 ab
777 2002 971 2077 adversario
990 2004 1224 2103 praetermissa

143 2119 234 2223 quod
254 2119 301 2191 ita
331 2118 512 2194 sehabet:
544 2120 676 2193 «Sicuti
696 2117 829 2219 publice
853 2118 987 2220 expedit
1005 2119 1089 2218 legis
1119 2119 1224 2195 viam]

143 2237 347 2336 quandoque
369 2235 538 2323 relaxare,
558 2251 595 2310 ut
611 2233 762 2335 plenius,
787 2234 1016 2310 evenientibus
1040 2234 1224 2322 casibus„

144 2351 402 2427 necessitatibus
425 2377 485 2451 pro
502 2351 669 2426 communi
687 2350 829 2424 utilitate
845 2351 1009 2437 satisfiat3
1028 2349 1080 2424 sie
1097 2350 1224 2451 frequen

144 2467 211 2540 tius
237 2465 343 2563 legem
370 2465 499 2540 solvere
522 2464 742 2566 exemploque
766 2466 901 2564 potius,
928 2492 1031 2567 quam
1061 2482 1153 2540 certo
1178 2490 1224 2566 pa:

144 2608 323 2669 sonarum,
359 2607 536 2682 rerumque
572 2581 726 2668 delectu,
755 2581 947 2680 petentibus
981 2580 1224 2678 indulgere,n

144 2695 236 2769 aliud
249 2713 316 2781 est,
334 2679 435 2797 quani
453 2697 635 2796 unicuique
653 2697 695 2770 ad
710 2696 801 2794 leges
817 2697 1110 2795 transgrediendos
1125 2697 1224 2770 aditu

144 2810 236 2883 dare.
266 2811 476 2913 Quapropter
501 2812 610 2885 sciant
634 2811 801 2899 universi,
830 2812 1077 2886 sacratissimos
1106 2837 1224 2886 eanont

144 2925 1224 3026 emmmmffimummumfflqmwmffiffl

143 3061 195 3115 cte
212 3041 452 3116 observandos.
474 3041 572 3127 Quod
591 3041 621 3115 si
639 3068 781 3138 urgens,
803 3042 959 3143 iustaque
978 3043 1077 3129 ratio,
1094 3055 1128 3114 et
1149 3042 1224 3116 mair

145 3158 348 3259 quandoque
361 3156 487 3233 utilitas
501 3157 761 3257 postulaverint,
778 3184 853 3231 cum
867 3157 1038 3258 aliquibus
1056 3156 1224 3257 dispensat

143 3273 223 3346 dum
248 3299 345 3360 esse;
367 3274 401 3347 id
428 3299 531 3347 causa
551 3274 704 3371 cognita,
726 3299 766 3345 ao
783 3299 913 3346 summa
939 3272 1128 3345 maturitate
1154 3288 1224 3375 atqt

144 3390 264 3487 gratis,
285 3416 305 3462 a
323 3390 613 3489 quibuscumque,
638 3389 679 3462 ad
703 3415 787 3489 quos
814 3389 1022 3488 dispensatio
1048 3388 1224 3487 pertinebit

145 3504 208 3578 erit
228 3507 482 3604 praestandum
510 3507 673 3605 aliterque
704 3506 790 3578 sacta
820 3506 1028 3604 dispensatio
1054 3505 1224 3605 subreptit

143 3620 1224 3722 oemmffffloffimmmfflmmfflmmmmm

143 3763 223 3810 num
251 3736 441 3810 facilitatem
459 3738 638 3810 concilium
659 3737 721 3810 boc
740 3763 837 3809 suum
857 3738 962 3810 edidit
979 3737 1171 3823 decretum,
1191 3737 1224 3810 bt

143 3852 220 3948 ipso
247 3867 337 3950 patet
363 3850 481 3925 salsam
499 3877 575 3925 esse
598 3852 905 3951 interpretationem
924 3850 1133 3938 adversarii,
1162 3853 1224 3925 iuxt

144 3966 1224 4067 Qmmfflmmfflmmmmmmmffl

144 4082 295 4154 rationes
321 4082 513 4167 faciendas,
534 4108 593 4156 eas
611 4082 848 4156 committendo
870 4081 1053 4180 unicuique
1070 4083 1224 4182 episcopo

212 4268 261 4327 (re)
278 4268 393 4331 nituop.
407 4270 448 4319 cit.
465 4283 518 4333 pag.
536 4276 645 4319 rso-rar

212 4345 262 4410 or)
277 4351 339 4398 ser.
358 4350 430 4398 xxv.
444 4363 497 4412 erp.
515 4350 601 4399 xvru.
