2804 5062
165 360 1128 421 uar.v11.otma.tuno.tolttost.ttt11tr.st.aar.u.
1175 347 1244 421 att

128 486 296 562 eiusmodi
313 511 415 561 casus
436 485 546 584 viget,
575 484 660 559 haec
685 485 821 560 statuit:
842 485 939 562 ‹rNos
957 486 1061 561 statui
1077 486 1244 562 dictorum

125 604 287 678 ludorum
309 617 450 703 paterno
477 601 600 676 ellectu
625 600 772 700 benigne
796 600 993 690 consulere,
1023 616 1124 704 atque
1150 604 1245 704 ipsos

125 720 305 822 episcopos
333 734 369 795 et
397 718 571 793 ministros
597 716 794 792 huiusmodi
821 717 991 817 scrupulis
1020 719 1166 794 eximere
1190 746 1245 796 vo·

125 834 251 924 lentes,
271 851 366 909 motu
387 834 544 936 proprio,
573 849 607 908 et
632 861 672 907 ex
697 848 788 908 certa
812 833 953 923 scientia
977 859 1017 924 ac
1041 834 1086 909 de
1107 852 1245 936 aposto-

125 951 210 1027 licae
240 950 418 1052 potcstatis
444 949 682 1050 plenitudine,
710 965 747 1023 ut
772 948 872 1038 Indi,
905 949 993 1025 sicut
1025 950 1241 1050 praefertur,

125 1067 307 1169 baptizati,
333 1083 367 1142 et
396 1066 432 1140 in
459 1067 609 1161 futurum
641 1065 863 1166 baptizandi,
896 1090 973 1139 cum
1000 1092 1128 1156 uxore,
1156 1093 1245 1168 quae

125 1210 197 1258 cum
224 1184 313 1284 ipsis
339 1183 439 1257 luerit
457 1183 647 1284 baptizata,
673 1198 707 1255 et
724 1179 971 1282 baptizabitur,
996 1208 1169 1257 remanere
1184 1209 1245 1258 ve-

125 1299 233 1388 leent,
254 1298 332 1374 eliis
349 1299 525 1389 dimissis,
554 1297 739 1398 apostoliea
764 1296 981 1386 anctoritate,
1005 1312 1119 1374 tenore
1146 1325 1242 1399 prae-

125 1416 298 1504 sentium,
332 1415 547 1491 declaramus
573 1413 824 1489 matrimonium
849 1412 1046 1488 huiusmodi
1073 1413 1160 1488 inter
1184 1440 1244 1491 eos

125 1533 437 1629 nnsistere(33).»

189 1648 304 1723 Huius
317 1647 440 1723 indulti
454 1647 630 1750 apostolici
649 1649 682 1723 vi
696 1649 915 1749 consequitur
932 1676 1000 1725 non
1018 1651 1120 1726 modo
1140 1674 1243 1751 posse

125 1788 320 1840 toutersum
346 1765 438 1839 hunc
461 1763 675 1839 idololatram
701 1766 843 1865 primam
870 1792 1027 1854 uxorem,
1056 1792 1144 1866 quae
1162 1785 1243 1841 'con-

125 1880 202 1955 terti
229 1906 300 1955 non
324 1879 412 1968 vult,
441 1879 629 1968 dimittere,
648 1907 766 1955 verum
792 1881 892 1955 etiam
909 1907 951 1954 ex
968 1879 1124 1981 pluribus
1142 1897 1243 1958 antee

125 1994 230 2071 luctis
243 1993 418 2083 uxoribus,
435 2021 524 2094 quae
540 1994 654 2069 animo
666 2011 880 2096 comparatae
897 1995 966 2070 sint
978 1994 1242 2094 adbaptismum

125 2111 377 2211 tuscipiendum
403 2110 546 2208 seligere
570 2137 673 2210 posse
697 2138 947 2212 quamcumque
975 2111 1146 2202 voluerit,
1179 2139 1241 2188 seu

125 2253 211 2315 nm,
243 2253 348 2326 quarn
376 2243 509 2326 praeter
538 2242 667 2302 ceteras
695 2227 826 2326 diligit,
859 2229 931 2303 sive
962 2229 1131 2318 secunda,
1169 2230 1242 2305 sive

125 2344 236 2431 unia,
264 2359 324 2416 aut
347 2359 469 2443 quarta
493 2343 605 2417 inerit.
635 2344 829 2444 Siquidem,
850 2345 960 2444 prima
976 2344 1131 2446 dempta,
1151 2371 1240 2448 quae

125 2459 190 2535 tola
206 2486 289 2536 vera
305 2486 345 2534 ac
362 2459 511 2558 legitima
535 2478 619 2535 uxor
643 2461 770 2549 extitit,
791 2460 941 2560 reliquae
958 2487 1075 2535 omnes
1093 2462 1167 2561 peri
1187 2489 1241 2539 ra·¹

125 2575 210 2651 ione
234 2590 316 2650 sunt
340 2573 553 2672 illegitimae,
582 2575 735 2675 adeoque
760 2573 796 2647 in
820 2576 975 2649 conversi
1001 2591 1054 2650 est
1083 2576 1240 2653 facultate

125 2714 157 2771 ι
188 2690 248 2764 his
279 2689 372 2764 illem
402 2690 529 2789 eligere
557 2690 592 2762 in
622 2718 759 2766 uxorem
792 2718 896 2791 quam
928 2691 1097 2766 maluerit.
1134 2694 1240 2769 lmmo

125 2803 244 2894 etlam,
265 2805 296 2879 si
314 2803 441 2877 nullam
457 2832 499 2879 ex
516 2804 604 2904 ipsis
616 2804 741 2880 ducere
753 2805 870 2894 vellet,
888 2822 1004 2906 posset
1016 2806 1118 2881 aliam
1131 2824 1241 2885 extra-⁴

125 2946 218 2996 mam
242 2920 419 2995 mulierem
445 2920 580 2996 fidelem
606 2921 642 2995 in
667 2922 918 2999 matrimonium
942 2923 1084 3013 ducere,
1111 2940 1149 3000 ut
1179 2948 1240 3025 per

125 3061 153 3112 e
179 3051 313 3137 patet·
427 3052 429 3058 ·
736 3056 738 3061 ·

187 3151 276 3227 Cum
301 3138 382 3226 vero
406 3151 634 3251 supplicatum
659 3153 781 3230 luisset
798 3153 890 3254 apud
908 3179 979 3229 sao.
1001 3180 1158 3252 congreg.
1183 3180 1239 3228 su·

125 3292 254 3367 gemae
278 3266 510 3367 inquisitionis
535 3267 763 3368 abepiscopo
789 3268 993 3369 quebecensi
1023 3270 1060 3344 in
1085 3269 1238 3361 Ameriae

125 3382 370 3484 reptentrioneli
385 3383 429 3456 ad
442 3382 662 3458 barbarorum
676 3383 810 3458 facilius
825 3384 1085 3485 promovendam
1098 3410 1237 3460 eonver-

125 3500 268 3586 tionem,
298 3526 403 3598 penes
429 3527 516 3600 quos
541 3500 634 3598 viget
663 3500 869 3602 polygamiae,
903 3515 940 3574 ut
970 3501 1071 3577 uenia
1100 3501 1237 3577 daretur

125 3615 325 3693 meedondi
351 3616 524 3690 conversis
549 3643 588 3691 se
612 3616 751 3714 iungere
775 3640 853 3690 cum
883 3615 1035 3716 qualibet
1064 3640 1168 3691 uxore
1195 3643 1236 3690 ex

125 3733 271 3834 inques
290 3743 389 3807 antee
404 3733 586 3820 duxerant,
606 3733 736 3807 omissa
752 3732 956 3831 obligatione
981 3732 1145 3808 retinendi
1164 3733 1235 3832 pri-

125 3875 225 3937 nam,
254 3856 358 3949 quam
384 3875 487 3951 saepe
512 3849 719 3924 declaratum
744 3865 897 3924 estesse
922 3849 1030 3923 solem
1052 3849 1236 3947 legitimam

125 3991 275 4053 exorem3
297 3992 351 4039 res
369 3965 493 4041 insecta
510 3967 634 4053 cessit;
663 3994 724 4040 seu
743 3966 856 4065 potius
875 3981 1137 4066 temperamento
1149 3992 1235 4067 quo-

125 4079 194 4154 lam
221 4106 293 4155 sac.
323 4082 538 4179 congregatio
563 4108 626 4154 usa
655 4097 718 4154 est.
752 4082 837 4153 Nam
870 4081 1126 4180 expendendum
1158 4107 1234 4158 esse

125 4197 250 4272 enauit
276 4224 356 4269 num
382 4213 502 4295 agatur
525 4198 568 4270 de
593 4196 804 4284 hominibus,
825 4195 884 4297 qui
903 4195 938 4268 iu
956 4195 1155 4275 infidelitate
1178 4224 1236 4272 ve-

188 4349 241 4413 (tt)
256 4348 328 4414 tpnd
344 4348 434 4401 Bened
443 4351 508 4401 xlv.
524 4347 666 4414 monsedo
677 4348 721 4401 llo,
731 4351 798 4402 xltt.
810 4360 833 4399 c.
845 4353 885 4401 at.
897 4361 923 4402 n.
935 4355 958 4403 t.
