2804 5062
221 384 286 433 ffl-
300 383 347 433 111.
357 383 398 432 Il!
412 382 501 432 EGGL
515 381 638 432 POTEST.
650 382 729 432 DISP.
742 381 775 432 lli
784 382 850 433 ΙΙΡ.
861 382 955 432 mli.
965 383 1028 432 bnt.
1040 383 1110 431 tn'r.
1121 383 1155 432 ΙΙ.
1187 360 1253 431 ill

155 500 326 587 membris,
352 527 392 575 ac
410 498 552 598 proinde
578 516 689 573 actum
713 515 803 572 esset
819 498 863 571 de
880 498 1109 574 ecclesiastica
1131 500 1260 575 bierar·

151 615 219 689 cbia
247 616 413 690 divinitus
448 616 601 689 instituta
636 617 725 710 (bl).
747 645 764 684 »
798 614 930 700 Quibus
959 615 1071 690 verbis
1106 642 1259 693 summus

148 732 291 830 pontifex
308 732 461 806 intimam
487 731 652 831 expressit
677 731 841 807 rationem
860 758 964 832 quare
990 732 1161 832 episcopis
1180 759 1261 807 con·

146 849 253 922 venire
271 865 419 947 nequeat
435 848 489 922 ius
508 847 680 945 proprium
699 846 869 920 relaxandi
889 847 924 918 in
942 847 1193 946 impedimentis
1212 848 1255 922 ab

146 962 286 1037 ecclesia
305 959 466 1036 statutis,

213 1077 380 1164 Quartum
402 1077 639 1153 documentum
669 1079 864 1176 suppeditat
889 1078 968 1152 Pius
995 1079 1063 1151 vll.
1098 1079 1133 1151 in
1158 1081 1254 1154 Brevi

145 1193 302 1266 2'l.l²ebr.
320 1195 428 1266 1809.
445 1220 514 1294 quo
529 1195 572 1268 de
585 1194 791 1294 quibusdam
807 1195 978 1293 episcopis
992 1194 1091 1292 gallis
1109 1201 1255 1294 conque·

144 1309 244 1396 ritnr,
273 1311 366 1409 quod
387 1309 466 1383 licet
482 1310 539 1383 alii
559 1311 672 1410 plures
700 1311 765 1382 sibi
792 1311 929 1384 concedi
951 1312 1190 1411 prorogarique
1210 1312 1259 1385 lm

143 1424 281 1498 cultates
293 1425 538 1524 postulaverint
548 1426 592 1498 ab
605 1426 791 1525 apostolica
808 1426 909 1513 sede,
929 1427 953 1497 ii
972 1444 1082 1499 tamen
1097 1427 1131 1498 id
1146 1427 1258 1501 iacere

143 1539 335 1613 omiserint:
366 1540 623 1613 «Dissimulare
640 1568 707 1614 non
726 1567 929 1639 possumus,
955 1541 1066 1640 inquit
1083 1541 1253 1640 pontifex,

146 1680 207 1727 non
229 1680 351 1754 parum
380 1653 478 1729 nobis
504 1654 719 1729 admirationi
740 1656 866 1742 luisse,
887 1656 979 1755 quod
1007 1656 1153 1754 plurium
1180 1657 1259 1731 Gal·

147 1768 205 1842 liae
228 1770 419 1843 antistitum
444 1769 574 1844 litterae
600 1771 739 1843 minime
763 1772 807 1844 ad
838 1797 900 1844 nos
931 1771 1080 1869 perlatae
1106 1772 1254 1859 luerint,

149 1901 232 1958 tanta
256 1885 350 1958 enirn
369 1884 565 1958 facultatum
591 1887 797 1970 necessitas,
827 1902 954 1983 quanta
971 1885 1076 1983 premi
1104 1910 1180 1957 sese
1201 1913 1258 1958 ur·

148 1999 280 2098 parique
298 2014 347 2072 tot
364 1997 423 2071 alii
441 1998 592 2072 eiusdem
617 1999 749 2098 imperii
768 1998 943 2097 praesules
969 1996 1067 2071 nobis
1093 2005 1258 2097 exposue-

149 2131 239 2201 runt,
277 2140 397 2188 omnes
427 2131 517 2188 certe
545 2115 588 2188 ad
619 2141 740 2189 novam
767 2140 882 2187 earum
916 2113 1169 2187 concessionem
1195 2114 1258 2187 im-

150 2228 341 2326 plorandam
367 2230 509 2304 suadere
536 2248 570 2303 et
593 2227 833 2331 propemodum
865 2228 1038 2328 impellere
1067 2229 1252 2304 debuisset.

149 2343 347 2419 Coniicimus
363 2347 500 2445 quidem
517 2346 775 2432 nonnullorum,
808 2346 868 2446 qui
898 2346 942 2418 ad
961 2371 1023 2418 nos
1046 2345 1258 2444 scripserunt

149 2458 290 2547 litteras,
321 2476 379 2532 aut
397 2461 545 2533 nondum
566 2460 711 2561 perlatas
738 2461 780 2533 ad
800 2486 882 2545 nos,
906 2476 965 2532 aut
990 2459 1132 2532 sortasse
1157 2459 1257 2532 etiam

148 2572 245 2648 tuisse
275 2574 489 2673 deperditas;
512 2575 676 2649 nollemus
703 2591 815 2648 tamen
837 2574 952 2673 (quod
979 2591 1069 2647 certe
1093 2600 1160 2647 non
1183 2574 1257 2647 sine

146 2691 232 2784 graui
250 2689 468 2788 suspicamur
484 2690 630 2785 indicio)
658 2691 894 2789 opiscoporum
913 2689 1045 2790 aliquos
1064 2690 1192 2763 idcirco
1210 2690 1258 2787 la-

146 2805 300 2880 caltatum
333 2805 599 2905 promgationem
626 2806 669 2878 ab
696 2806 761 2879 bac
787 2822 903 2879 sancta
928 2806 1014 2879 Sede
1041 2833 1108 2880 non
1140 2823 1257 2906 postu·

147 2918 250 3008 lesse,
272 2920 365 3021 quod
383 2947 575 3020 perversam
599 2920 807 3020 periculique
828 2922 964 3020 plenam
985 2922 1180 3020 opinionem
1198 2923 1258 2993 im·

146 3034 308 3122 biberint,
339 3062 441 3135 posse
465 3063 503 3110 se
523 3037 597 3110 iure
618 3037 753 3137 proprio
770 3038 805 3109 in
831 3037 875 3110 iis
894 3064 1030 3137 quoque
1057 3037 1257 3136 dispensare

145 3168 197 3224 ant
212 3151 391 3226 absolvere
404 3208 420 3238 ,.
435 3178 522 3251 quae
538 3153 743 3250 generalium
760 3154 978 3227 conciliorum
1005 3151 1252 3238 sanctionibus,

147 3284 349 3341 summorum
369 3268 563 3366 pontificum
582 3249 747 3352 deoietis,
768 3269 926 3341 diuturno
948 3267 1014 3340 usu
1036 3294 1097 3366 per
1123 3267 1258 3339 univer-

147 3407 211 3454 sam
238 3382 420 3456 ecelesiam
441 3399 596 3482 recepto,
624 3384 755 3456 romani
776 3384 945 3482 pontificis
972 3383 1127 3482 potestati
1155 3408 1259 3456 reser-

147 3514 215 3570 vata
232 3513 336 3570 sunt:
352 3513 389 3569 at
401 3498 467 3596 ipsi
487 3499 656 3583 viderint,
679 3499 708 3571 si
728 3499 812 3570 forte
828 3499 931 3596 (quod
946 3498 1048 3591 absit)
1073 3498 1107 3569 id
1118 3498 1190 3572 sibi
1209 3525 1258 3571 ar·

147 3613 332 3708 rogaverint
344 3611 396 3684 rel
411 3628 580 3710 armgent,
600 3614 683 3713 quid
701 3613 844 3711 egerint,
857 3612 1008 3713 quidque
1025 3616 1254 3710 agant·(5.8-).»

148 3725 242 3800 Porro
271 3725 396 3826 cuique
420 3747 633 3827 perspectum
651 3745 703 3801 est
726 3755 895 3801 summum
924 3729 1116 3827 pontificem
1142 3745 1258 3826 aperte

147 3840 242 3914 ueluti
260 3841 368 3940 digito
390 3843 540 3916 indicere
557 3844 842 3944 dispensationes
850 3843 1094 3967 connubiales
1115 3843 1172 3914 de
1182 3842 1258 3941 qui-

149 3952 236 4028 bns
226 3985 262 4028 rn
282 3955 348 4030 boc
365 3957 471 4030 Brevi
468 3958 693 4058 potissimum
711 3957 848 4056 agitur.-
931 4008 934 4013 >
990 4014 992 4021 ι

207 4101 257 4161 (⁶7)
274 4099 346 4164 Apud
361 4101 505 4164 Roskorany
517 4115 557 4166 op.
571 4105 596 4152 at
608 4101 655 4151 loc.
669 4102 711 4152 cit
728 4115 752 4165 p
767 4105 819 4152 ³57

208 4181 262 4241 (et)
275 4181 348 4244 Apud
366 4183 449 4231 Moser
464 4181 491 4231 ts
509 4181 614 4232 οοὶἱκι.
634 4180 846 4232 declarationum
857 4186 884 4233 at
901 4181 1066 4233 decretorum
1077 4194 1143 4232 rom.
1152 4183 1259 4247 pontol-

152 4269 204 4307 non
222 4263 295 4309 etrec
312 4263 392 4310 νοτία
408 4259 492 4311 dabtc
509 4263 708 4363 memorantem
726 4265 927 4367 concernentia
935 4261 973 4313 td
990 4263 1096 4314 micam
1084 4275 1144 4325 op
1159 4263 1197 4311 no
1210 4265 1260 4312 tm

152 4336 279 4396 minent.
293 4343 410 4390 matrim.
426 4352 450 4389 n.
464 4343 581 4390 ΠΗ...
756 4366 768 4383 .·
882 4368 886 4375 -
927 4346 998 4389 ‚t
984 4360 999 4389 .:
1046 4366 1068 4390 ,ι
1088 4356 1111 4388 ,η
1137 4349 1191 4388 ...ῖς
1220 4356 1232 4387 ι.
