2804 5062
135 342 209 416 iti
332 358 394 414 su.
414 358 451 413 n.
471 359 557 413 saar.
578 356 708 412 sarna.
728 358 768 410 nr
793 354 920 409 eornm
940 354 1052 408 orrnr.

140 484 353 584 ditionesque
365 504 550 583 apponere,
566 502 654 581 quae
667 477 734 552 nisi
748 489 935 565 serventur,
947 470 1231 559 reddantnrnnlli,

141 624 203 677 seu
227 597 353 673 nullius
379 596 516 672 eiieoms
546 610 641 670 aetas
673 591 899 680 subditorum,
927 603 967 664 ut
991 604 1087 690 patet
1109 588 1145 661 in
1171 612 1237 662 eon

142 715 302 793 tractibus
327 711 529 815 pupillorum
556 711 630 787 sine
655 726 799 786 tutorum
825 705 1133 797 eonsensione,·in
1153 718 1240 781 testa·

143 829 265 916 mentis
278 827 421 928 aliisque
434 827 469 899 id
482 852 601 925 genus,
613 825 737 926 quibus
750 825 804 900 ius
817 848 994 899 romanum
1007 819 1239 916 redundatfi).

217 942 307 1030 Quin
332 941 456 1029 etiam,
483 940 588 1015 atad
613 964 683 1012 rem
707 938 848 1039 propius
872 935 1053 1026 acaedam,
1082 950 1196 1036 quarto
1216 948 1245 1007 et

144 1057 180 1131 id
204 1056 347 1130 libenter
370 1055 501 1143 tribuo,
529 1076 628 1155 posse
643 1052 813 1156 principes
831 1050 985 1126 infideles
1008 1048 1160 1125 subditis
1181 1047 1245 1122 suis

145 1170 337 1246 infidelibus
362 1169 420 1245 illa
443 1170 556 1244 omnia
579 1171 669 1245 oiroa
692 1169 829 1270 nuptias
853 1167 1069 1270 praecipere,
1104 1188 1191 1266 quae
1215 1162 1245 1234 in

145 1286 271 1362 honam
288 1285 478 1375 satietatis,
498 1300 533 1360 et
547 1285 590 1360 ad
608 1283 778 1386 publicam
795 1308 925 1359 morum
942 1283 1160 1357 honestatem
1176 1284 1246 1354 oon·

146 1401 336 1478 duountdu
349 1401 564 1503 quennfinam
576 1428 643 1476 non
658 1400 765 1476 solnm
777 1414 919 1501 possunt
926 1396 1104 1498 prohibere
1121 1394 1247 1496 nuptias

147 1532 235 1619 qaas
260 1517 378 1592 noxias
402 1516 544 1605 hahent,
573 1515 634 1592 sed
658 1531 829 1618 praeterea
856 1514 1037 1588 decernere
1071 1510 1247 1615 poenssin

148 1632 282 1733 iegurn,
311 1657 398 1734 quae
414 1631 617 1707 oonuuhium
634 1630 800 1728 attingunt
816 1646 1110 1726 transgressores,
1133 1649 1249 1726 aosqm

148 1751 279 1850 privare
303 1748 455 1822 rasilibus
479 1746 654 1823 siieodbns
679 1745 788 1846 ipsius
812 1741 984 1830 oonnuhii,
1006 1766 1140 1845 eosque
1153 1757 1191 1816 ut
1205 1741 1250 1814 in·

148 1878 271 1965 nuptos
294 1862 431 1938 habere.

214 1976 353 2084 ¹Quibus
370 1978 551 2067 admissis,
579 2003 667 2081 quae
682 1988 773 2054 certa
789 2003 829 2054 ao
845 1972 1080 2052 ineluctabilis
1096 1981 1193 2061 sunt,
1213 1969 1251 2046 ad

149 2090 321 2168 duculum
345 2092 436 2192 quod
460 2095 577 2169 attinet
600 2093 793 2195 coniugale,
822 2120 882 2170 seu
899 2119 1024 2169 nexum
1041 2119 1116 2194 quo
1131 2098 1252 2170 eonta-

150 2207 270 2284 henas
288 2207 420 2283 foedere
437 2225 596 2311 perpetuo
615 2212 812 2310 iunguntur,
828 2212 926 2312 longe
943 2210 1171 2286 verisimilius
1185 2215 1253 2286 een-

150 2345 210 2400 seo
236 2323 405 2424 principes
431 2323 606 2415 infideles,
633 2328 733 2402 etiam
758 2327 794 2400 in
819 2326 972 2402 subditos
999 2351 1086 2403 suos
1109 2322 1254 2401 infideles

152 2437 281 2512 nullum
305 2462 443 2540 prorsus
468 2438 522 2514 ius
546 2438 687 2530 hahere,
715 2440 875 2543 nullaque
893 2442 958 2517 frui
976 2443 1197 2530 auctor-itata,
1219 2447 1254 2515 er

152 2581 220 2655 qua
244 2555 303 2629 fiat
319 2573 356 2628 ut
371 2553 483 2629 valide
499 2571 558 2630 aut
582 2556 730 2632 invalide
749 2559 939 2658 coniugium
965 2559 1182 2636 contrahant.
1202 2557 1255 2630 hr-

152 2670 257 2745 hitror
280 2671 405 2746 nullius
429 2672 481 2746 vis
506 2672 596 2772 leges
621 2699 713 2764 esse,
743 2677 771 2750 si
796 2703 882 2776 quas
907 2674 1066 2765 oderint,
1097 2676 1143 2752 ad
1172 2674 1255 2748 infir·

155 2783 279 2857 manda
303 2786 477 2883 coniugia,
507 2787 537 2861 si
563 2786 639 2863 illas
655 2789 803 2891 excipias
820 2816 907 2889 quae
923 2789 1038 2888 ipsum
1063 2790 1257 2865 confirmant

154 2914 292 2974 naturae
304 2901 376 2988 ius,
392 2927 452 2975 seu
465 2903 589 3002 quibus
601 2919 714 2979 vetant
726 2921 784 2980 aut
795 2906 928 2979 irritant
939 2902 1018 2979 illas
1028 2905 1127 3008 ipsas
1136 2905 1257 3005 nuptia

155 3013 204 3088 les
230 3014 479 3091 coniunctiones
506 3045 592 3118 qnae
617 3020 683 3093 iam
709 3020 820 3094 nullae
845 3046 884 3094 ao
909 3020 1023 3094 irritae
1056 3020 1170 3095 serent
1191 3019 1257 3116 lega

155 3131 231 3231 ipsa
255 3130 419 3219 naturali,
447 3149 504 3206 aut
528 3134 655 3210 divina.
677 3136 751 3223 Qua
776 3137 809 3209 in
827 3135 1010 3237 hypothesi
1034 3135 1133 3210 haud
1155 3134 1258 3209 irritae

154 3245 322 3320 eiusmodi
349 3248 487 3347 nuptiae
511 3248 729 3325 redderentur
751 3250 785 3326 vi
811 3249 919 3326 civilis
951 3248 1059 3349 legis,
1096 3250 1159 3327 sed
1182 3247 1259 3348 legis

158 3376 316 3450 naturae,
345 3378 401 3436 aut
426 3363 560 3439 divinae
580 3367 643 3462 (8).

230 3601 264 3666 (7)
280 3602 319 3652 ct.
332 3601 404 3654 Btner
415 3606 565 3668 sppmatra
579 3604 735 3657 marona
744 3605 779 3656 od
789 3603 1040 3669 tamprsdesttom,
1050 3603 1118 3668 part.
1131 3606 1153 3654 1.
1164 3605 1201 3655 De
1209 3602 1262 3652 taor

158 3684 187 3731 tn
202 3695 309 3746 penae,
326 3685 649 3748 rap.1seqq.Quanrqua1n
664 3699 714 3736 non
730 3686 810 3736 desint
825 3684 945 3747 theologi,
961 3683 1005 3747 qui
1021 3684 1050 3734 td
1064 3682 1111 3735 aut
1126 3686 1153 3734 in
1167 3682 1262 3734 dubim

160 3763 338 3825 revooent,aut
347 3763 447 3812 omnino
456 3767 551 3828 negent.
560 3765 598 3815 Gi.
606 3765 672 3829 apud
679 3765 860 3827 cardoeango
868 3767 906 3814 De
915 3765 1020 3813 tortitia
1029 3766 1056 3813 et
1065 3767 1137 3827 tare,
1145 3762 1258 3828 disptli.

159 3842 218 3890 sent.
231 3842 250 3890 1.
261 3841 286 3891 et
296 3843 334 3891 De
343 3841 521 3892 contractibus
531 3846 558 3893 tn
569 3855 673 3908 seuere,
683 3841 747 3907 dtsp.
757 3845 834 3893 xxti.
845 3842 903 3892 seat.
916 3843 958 3891 lx.
970 3840 1029 3890 itan
1039 3841 1154 3892 uatum
1164 3843 1260 3893 ares·

160 3922 238 3971 tract.
249 3924 276 3972 tn
288 3933 393 3984 praere,
411 3921 454 3971 lib.
470 3929 492 3972 2.
508 3935 530 3972 c.
546 3923 741 3974 17.Drthtt.1v.

232 4000 266 4062 (a)
282 4003 435 4064 Quemquam
451 4005 476 4051 et
496 4001 557 4051 iilud
578 4002 769 4052 animadvertere
790 4003 897 4064 praestat
917 4001 1035 4051 incertam
1056 4013 1112 4051 esse
1131 4001 1260 4066 prtnctpnn

162 4078 223 4128 ioris
236 4079 352 4129 naturalis
370 4079 607 4143 interpretationem
627 4095 671 4131 nee
685 4081 749 4130 enim
762 4081 807 4143 ipsi
820 4080 992 4130 insaliihiiitate
1010 4077 1173 4142 intuebantur,
1193 4079 1259 4129 imore

161 4171 232 4221 saepe
250 4161 361 4210 errarunt
372 4160 397 4208 in
408 4160 481 4209 huius
490 4160 608 4211 naturalis
619 4161 678 4223 tegis
688 4160 899 4224 interpretatione,
910 4157 1046 4222 etquidem
1062 4160 1220 4222 gradatim
1229 4156 1260 4206 'n

161 4237 259 4288 tardum
277 4238 342 4288 euim
359 4239 504 4288 censuerunt
519 4238 617 4301 aliquod
634 4239 759 4289 advorsari
771 4238 946 4301 leginaturae,
959 4248 1004 4287 neo
1022 4238 1108 4288 umen
1128 4234 1260 4289 adventa

164 4319 220 4382 tur;
234 4317 356 4370 interdum
373 4317 465 4384 aliquid
486 4317 610 4370 moerus
627 4318 706 4371 adem
717 4318 764 4384 legi
775 4317 923 4381 indicarunt,
938 4316 1006 4382 qaod
1016 4316 1101 4369 tamen
1113 4317 1208 4370 wnstat
1221 4312 1260 4380 ipsi
