2804 5062
142 380 211 452 t1t
367 403 428 454 tro.
451 403 485 452 xx.
508 403 593 453 sacr.
617 403 639 452 r.
662 403 701 451 ιι
728 402 853 453 rorum.
876 401 1001 453 ructus.
1071 466 1080 488 d

141 538 275 621 ptemae
296 521 527 619 inquisitionis
557 521 823 610 exercuerimus,
853 534 1117 594 memoratorum
1142 519 1248 593 coniu-

141 637 271 734 giorum
293 635 499 709 discussioni
519 636 750 722 interfuimus,
770 636 828 708 aed
844 661 1023 735 uuntquom
1039 636 1194 734 opinioni
1208 634 1252 707 illi

141 756 342 853 acquiescere
358 754 525 852 potuimus
543 779 603 853 per
620 779 721 852 quam
741 752 913 851 praedicta
929 751 1150 826 matrimonia
1171 751 1253 824 nulla

141 868 345 942 iudicantur.
369 867 481 953 Quare
498 867 597 942 nobis
615 869 823 942 continenter
836 868 871 940 in
884 866 971 941 rotis
983 882 1075 954 erat,
1092 883 1132 941 ut
1144 865 1254 966 aliqua

142 1009 180 1056 se
205 982 439 1083 opportunitas
471 981 628 1070 offerret,
657 982 692 1054 in
718 1006 787 1081 qua
811 980 979 1080 generalis
1005 979 1127 1078 regula
1152 996 1188 1055 et
1211 979 1255 1054 lex

141 1125 203 1200 pro
228 1099 421 1173 eorumdem
441 1098 730 1173 matrimoniorum
757 1114 816 1172 aut
840 1097 993 1171 nullitate
1010 1111 1070 1170 aut
1086 1095 1255 1171 validitate

142 1228 360 1301 statueretur;
384 1213 545 1312 quoniam
571 1226 723 1286 anteacto
748 1228 897 1311 tempore
922 1210 1059 1284 nonnisi
1081 1211 1256 1311 particula·

143 1328 193 1401 ria
210 1327 344 1402 decreta
363 1329 398 1400 in
415 1327 480 1402 hac
496 1328 548 1402 vel
574 1326 632 1400 illa
657 1352 777 1413 causa,
806 1326 941 1401 condita
965 1341 1086 1418 erant,
1111 1352 1205 1427 quae
1220 1353 1255 1400 no

143 1442 230 1515 inter
247 1469 285 1516 se
302 1441 438 1542 quidem
461 1442 645 1516 coniormia
664 1466 798 1542 semper
818 1441 968 1528 lucrant,
993 1456 1136 1541 propter
1159 1442 1254 1516 varie

143 1571 243 1630 tatem
267 1558 618 1643 circumstantiarum,
646 1583 734 1657 quae
758 1555 859 1630 modo
883 1556 919 1628 in
945 1582 1014 1630 una
1037 1556 1119 1631 iacti
1148 1557 1253 1658 speeie

143 1671 306 1760 aderant,
335 1673 435 1749 modo
461 1673 495 1745 in
521 1671 625 1746 altera
650 1672 931 1745 desiderabantur
947 1673 1061 1767 (23).»
1080 1673 1124 1746 Et
1149 1674 1253 1773 reipsa

143 1786 186 1861 ad
209 1788 441 1886 pontificatum
462 1804 597 1863 evectus
615 1812 711 1861 suam
731 1787 1114 1863 ediditlleclarationem
1133 1788 1180 1864 de
1194 1813 1253 1890 qut

143 1919 241 1976 antea
262 1904 474 2003 scripsimus.

215 2019 335 2092 Verum
361 2019 497 2120 quidem
530 2038 604 2108 cst,
638 2035 759 2117 urgent
782 2019 817 2090 hi
844 2018 934 2118 ipsi,
963 2019 1022 2118 qui
1047 2018 1253 2094 validitatem

144 2133 338 2208 huiusmodi
364 2135 594 2232 coniugiorum
621 2151 859 2235 propugnant,
894 2159 969 2207 eam
992 2133 1253 2209 Declarationem

144 2275 205 2348 pro
230 2250 303 2324 sola
327 2250 508 2324 liollandia
532 2251 644 2324 datam
667 2278 764 2337 esse;
794 2267 943 2324 attamen
967 2267 1169 2348 argumenta
1194 2252 1254 2324 sire

137 2366 268 2440 ‘motiva
290 2367 415 2466 quihus
432 2366 491 2440 hic
508 2393 661 2441 summus
687 2366 836 2464 pontifex
858 2367 893 2439 irr
911 2392 951 2440 ea
967 2365 1102 2440 menda
1127 2366 1254 2440 innixus

143 2496 214 2567 cst,
236 2508 344 2581 aeque
368 2481 513 2556 militare
537 2482 694 2554 ridentur
719 2507 781 2580 pro
806 2481 926 2555 ceteris
951 2480 1136 2555 haereticis
1154 2507 1196 2555 ex
1211 2505 1254 2554 ra·

146 2593 249 2667 tionis
264 2593 429 2693 paritate.

218 2711 320 2782 Porro
346 2737 434 2809 quac
459 2711 502 2783 dc
527 2712 695 2809 coniugiis
721 2712 964 2784 haereticorum
983 2710 1124 2796 dicunt,
1146 2711 1252 2785 eaden

136 2822 319 2922 ‚applicant
342 2824 384 2896 ad
412 2825 515 2897 mixta
547 2826 729 2922 coniugia3
765 2825 923 2896 nimirum
954 2825 983 2897 si
1016 2824 1251 2898 haereticorum

145 2937 302 3034 coniugia
334 2937 446 3010 ualida
477 2954 579 3026 sunt,
609 2939 687 3013 licet
712 2938 754 3011 ad
782 2938 923 3011 sormam
950 2938 1173 3011 tridentinam
1199 2961 1252 3010 noo

145 3051 374 3139 celebrentur,
391 3052 479 3124 idern
493 3052 673 3125 dicendum
687 3054 750 3127 erit
762 3052 805 3125 dc
817 3053 985 3151 coniugiis
1002 3052 1138 3140 mixtis,
1160 3074 1250 3152 quum

146 3194 225 3265 pars
247 3168 414 3241 catholica
434 3195 474 3242 co
494 3169 570 3267 ipso
597 3169 765 3268 particeps
786 3169 915 3242 censeri
936 3167 1060 3242 debeat
1084 3168 1252 3270 dispensa·

146 3284 248 3358 tionis
275 3312 294 3357 a
321 3311 439 3359 norma
465 3285 665 3372 tridentina,
689 3311 778 3386 quae
799 3312 861 3385 pro
887 3301 980 3385 partc
1006 3279 1252 3360 acatholicaab

145 3400 248 3474 huius
281 3403 467 3475 sentcntiae
501 3401 688 3476 fautoribus
715 3402 929 3501 supponitur.
965 3401 1124 3473 Fateatur
1148 3401 1252 3500 utique

146 3515 189 3589 ad
218 3516 429 3590 tridentinam
453 3518 592 3590 formam
616 3519 717 3591 etiam
743 3518 931 3591 haereticos
956 3516 1084 3602 teneri,
1109 3516 1253 3616 quisine

147 3647 236 3704 statu
261 3632 352 3705 civili
378 3658 418 3704 ac
445 3632 602 3729 religioso
628 3632 710 3705 sorte
735 3633 823 3705 inter
848 3631 1032 3705 catholicos
1057 3646 1249 3709 versantem

62 3838 70 3855 .
147 3763 181 3818 at
205 3747 410 3821 contendunt
434 3747 546 3821 valida
572 3774 648 3820 esso
667 3749 740 3821 sine
762 3748 901 3848 parochi
929 3746 1126 3846 praesentia
1149 3746 1252 3820 eoniu-

148 3863 203 3958 gia
229 3863 472 3938 haeretieorum
503 3865 575 3936 sive
600 3865 702 3935 etiam
728 3865 833 3937 mixta
859 3865 894 3935 in
921 3861 1146 3960 regionibus,
1180 3881 1252 3961 quat

148 3995 371 4076 protestantes
388 3981 456 4053 dici
475 3980 583 4052 solent
600 3980 653 4053 vel
672 3982 814 4067 mixtae,
837 3981 871 4052 in
890 3979 1014 4080 quibus
1034 3977 1196 4052 haeretici
1213 3970 1251 4048 uel

148 4094 364 4169 dominantur
387 4095 439 4169 vcl
466 4095 584 4168 saltem
618 4097 811 4170 societatem
846 4097 1023 4171 efformant
1051 4120 1072 4166 a
1100 4092 1251 4168 catholica

150 4208 307 4283 socictate
331 4211 542 4298 distinctam,
563 4228 600 4283 ut
617 4212 650 4283 in
665 4213 817 4299 dustria,
838 4214 872 4283 in
892 4210 1024 4298 Galliis,
1047 4211 1082 4282 in
1101 4209 1244 4285 Bouaria·

222 4361 272 4423 (rt)
290 4365 327 4412 De
339 4362 435 4425 mnodo
448 4362 490 4413 lib.
499 4366 541 4414 Vi.
552 4377 606 4427 cup.
617 4366 659 4414 vt.
671 4378 695 4414 n.
706 4371 729 4414 t.
