2804 5062
223 377 309 451 ato.
358 447 361 454 ,
385 414 389 421 -
414 399 533 455 ιω.
554 398 641 456 ator.
662 395 801 455 aarum.
825 398 865 449 nr
885 397 1011 451 rorusr.
1032 395 1143 461 cmm.

223 519 320 618 longe
346 519 422 597 eius
447 517 639 598 testimonia
664 532 830 617 mamus,
851 515 936 591 satis
953 515 1000 591 sit
1016 514 1074 591 illa
1090 515 1167 617 ipsa
1183 515 1342 594 extritae

222 635 346 722 rerba,
368 659 455 736 quae
467 659 488 708 a
500 631 740 734 Toumely'oex
753 631 814 706 lib.
834 634 868 704 d.
884 633 978 706 Sent.
994 631 1029 704 d.
1049 633 1107 709 di.
1124 659 1161 734 q.
1179 634 1217 706 2.
1234 660 1284 709 ar.
1304 637 1339 708 2.

223 753 256 826 in
276 778 366 851 resp.
380 751 424 826 ad
445 752 477 822 d.
490 749 596 824 allata·
608 764 673 829 eta
686 747 785 824 uobis
802 773 941 850 quoque
956 747 1117 848 superius
1139 773 1343 826 commemo-

223 883 296 942 rate
320 883 416 942 sont:
433 865 640 941 «Dicendum
665 865 757 965 quod
779 864 958 964 prendite
985 863 1066 963 lepis
1091 864 1259 943 tanum
1280 893 1343 941 non

222 983 380 1084 sufficeret
405 982 448 1055 ad
478 980 755 1081 impedimentum
785 979 1010 1067 matrimonii,
1036 981 1107 1054 triti
1134 983 1343 1057 tutonensi

223 1099 373 1192 ecclea‘ue
391 1099 590 1182 auctoritas,
612 1122 700 1198 quae
717 1096 806 1170 idem
823 1095 924 1171 etiam
944 1094 1139 1196 prohihet.»
1152 1097 1342 1175 Notandum

224 1237 324 1312 porro
349 1229 421 1299 est,
449 1211 540 1312 quod
566 1210 666 1285 talem
692 1211 823 1287 dederit
848 1210 1103 1312 responsionem
1127 1211 1172 1293 ad
1196 1211 1232 1288 id
1254 1211 1343 1313 quod

228 1327 295 1403 eibi
313 1327 483 1402 obiecerat
498 1353 538 1401 ex
558 1326 759 1427 adoptione,
775 1352 864 1427 quae
876 1325 949 1402 sola
962 1325 1053 1401 civili
1071 1324 1147 1425 lege
1161 1327 1345 1403 constituta

226 1460 299 1530 est,
327 1469 368 1518 ac
393 1453 569 1544 propterea¹
592 1442 708 1542 legalis
725 1457 957 1544 nuncupatur,
978 1468 1041 1518 nec
1061 1459 1179 1542 possm
1196 1442 1344 1519 humana

226 1559 279 1634 lex
305 1559 581 1660 impedimentum
607 1558 785 1646 inducere,
814 1557 905 1658 quod
923 1557 1061 1658 quidem
1079 1557 1240 1659 concedit
1256 1559 1345 1634 iuxta

227 1676 263 1750 id
281 1673 372 1776 quod
390 1675 425 1748 in
443 1699 583 1774 corpore
600 1672 731 1749 articuli
751 1672 989 1749 constituerat:
1005 1674 1076 1749 «Et
1094 1673 1174 1770 tuiis
1194 1673 1344 1775 prohibi·

227 1794 274 1868 tic
305 1808 358 1866 est
382 1818 442 1892 per
464 1789 641 1867 ecetesiam
668 1789 881 1890 approbem
914 1804 947 1863 et
973 1789 1051 1864 iude
1075 1806 1147 1878 est,
1175 1789 1272 1891 quod
1299 1789 1344 1866 ie-

228 1907 315 2006 gaiis
340 1905 494 2004 cognatio
519 1903 766 1979 matrimonium
793 1903 1118 2004 impediat.»dlium
1144 1903 1180 1978 in
1207 1930 1342 1982 sensum

227 2022 319 2097 dicta
342 2021 417 2095 eius
442 2020 660 2120 detorquere,
689 2045 757 2093 non
784 2016 893 2092 sotum
918 2034 971 2094 est
985 2017 1054 2094 tim
1070 2017 1188 2095 verbis
1208 2019 1339 2107 inferro,

228 2137 288 2211 sed
306 2151 479 2236 praeterea
495 2132 793 2210 manifestissimus
807 2133 936 2210 abusus
946 2133 1023 2210 eius
1036 2134 1268 2224 auctoritatis3
1288 2160 1341 2211 ue-

229 2278 296 2353 que
320 2250 461 2325 scientia
486 2249 521 2322 id
547 2249 686 2349 patitur.

241 2435 245 2444 .
302 2366 513 2467 Quapropter
524 2364 568 2438 ad
580 2391 640 2452 ea,
656 2390 745 2466 quae
758 2380 828 2438 tam
841 2390 882 2438 er
894 2363 1145 2440 commentariis
1159 2364 1208 2440 ad
1220 2364 1336 2440 tintt.

229 2483 319 2555 Sont.
334 2498 403 2554 tum
422 2507 462 2554 ex
479 2480 538 2552 lib.
552 2481 604 2551 tv.
615 2479 728 2554 Contr.
741 2493 832 2577 gent.
846 2479 1058 2579 proferuntur
1073 2480 1117 2554 de
1136 2479 1264 2580 triplici
1281 2479 1341 2554 tine

230 2596 392 2683 naturali,
421 2595 529 2682 civiti,
554 2622 595 2669 ac
619 2595 788 2694 spirituaii
814 2595 857 2669 ad
883 2620 968 2694 quos
993 2595 1150 2693 dirigitur
1174 2597 1342 2671 matrimo

231 2714 347 2799 nium,
378 2711 488 2786 tacitis
513 2730 565 2786 est
591 2713 788 2812 responsio;
811 2713 901 2813 quod
920 2713 1048 2788 scilicet
1065 2715 1160 2788 iuxta
1181 2741 1212 2789 s.
1229 2717 1342 2790 Duco-

231 2854 319 2913 rem‚
349 2827 538 2924 coniugium
566 2845 663 2928 prout
687 2829 843 2928 dirigitur
859 2857 879 2904 a
898 2846 1016 2904 natura
1041 2834 1151 2930 possit
1171 2856 1252 2906 esse
1275 2829 1342 2903 irn'-

231 2961 318 3028 tum,
340 2943 369 3016 si
389 2944 591 3015 contrarium
618 2944 726 3016 eidem
749 2944 809 3032 sit,
835 2962 872 3017 ut
898 2946 931 3016 in
958 2945 1159 3045 propinquis
1186 2946 1342 3044 gradibus

231 3059 556 3158 consanguinitatis;
587 3075 685 3159 prout
709 3059 902 3157 dirigitura
924 3059 997 3157 lege
1022 3059 1113 3133 civiti
1141 3063 1255 3162 possit
1278 3060 1342 3133 irri-

232 3194 302 3250 tum
321 3175 392 3248 fieri
411 3174 522 3273 quoad
544 3174 685 3248 effectus
706 3171 846 3258 civiles,
869 3173 950 3274 quia
967 3190 1082 3248 contra
1095 3172 1190 3272 leges
1204 3176 1338 3261 initum,

231 3318 353 3391 nempe
377 3291 411 3363 in
438 3289 556 3362 ordine
581 3289 689 3374 civili,
719 3316 780 3363 seu
807 3289 966 3388 politioo;
997 3307 1095 3388 prout
1119 3289 1281 3388 dirigitur
1302 3289 1341 3364 nd

232 3406 330 3484 sunem
358 3405 587 3505 spiritualem,
609 3406 717 3504 possit
743 3405 872 3478 irritum
900 3403 987 3478 effici
1014 3403 1058 3477 ab
1082 3403 1230 3480 ecclesia
1246 3406 1280 3479 in
1297 3429 1342 3479 or-

231 3522 310 3595 dine
334 3522 376 3594 ad
402 3538 667 3608 sacramentum,
692 3521 738 3594 ita
759 3536 795 3593 ut
817 3521 881 3595 hoc
906 3520 971 3594 sub
997 3537 1152 3619 respectu
1177 3522 1343 3598 matrimo

234 3638 326 3718 nium
362 3652 511 3710 evectum
537 3636 625 3709 ultra
651 3635 876 3710 conditionem
909 3650 1098 3710 contractus
1124 3662 1210 3736 pure
1239 3635 1343 3710 civilis

233 3753 433 3826 subiiciatur
458 3751 646 3825 auctoritati
673 3752 828 3851 propriae
850 3769 883 3825 et
902 3751 1106 3850 originariae
1130 3753 1296 3827 aetesiae
1312 3752 1342 3823 in

233 3869 275 3942 iis
300 3868 477 3954 omnibus,
511 3894 597 3967 quae
628 3884 779 3967 spectant
806 3868 849 3940 ad
874 3868 1042 3954 valorem,
1072 3867 1337 3965 legitimitatem

233 3985 508 4084 honestatemque
525 3984 712 4082 coniugalis
734 3983 870 4058 vinculi.
894 3985 958 4056 Sed
980 3985 1023 4057 de
1044 4011 1073 4060 s.
1091 3984 1224 4061 Thema
1241 3986 1276 4058 in
1292 4011 1343 4061 oa·

233 4100 302 4198 pite
326 4101 515 4200 insequenti
541 4116 686 4174 recurret
711 4125 832 4174 sermo.

303 4214 499 4287 intrinsecis
513 4215 675 4287 hactenus
685 4231 786 4314 atque
796 4215 992 4288 extrinsecis
1003 4217 1213 4313 argumentis
1224 4230 1342 4316 specta·

233 4333 294 4420 tis,
310 4358 396 4431 quae
414 4331 525 4406 favere
544 4330 743 4404 videbantur
763 4329 1031 4405 adversariorum
1050 4332 1251 4420 sententiae,
1267 4357 1342 4407 nou-
