2804 5062
196 363 1128 421 etnvnnrrmrnmansr.rsr.ssvrcccscsss.snr.v.
1182 344 1250 421 289

216 487 338 558 Primo.
359 485 411 557 dn
437 484 601 584 capellani
633 488 783 560 cuiusvis
813 488 998 575 exercitus,
1024 488 1096 562 sive
1120 489 1255 586 regula-

150 625 215 687 res,
235 600 310 673 sive
326 598 497 674 seculares
514 600 668 674 catholici
687 602 819 701 possint
836 601 1071 677 administrare
1089 601 1255 677 militibus

147 714 178 785 in
196 712 378 813 praesidiis
398 713 599 812 degentibus
617 731 825 788 sacramenta
843 717 1081 815 poenitentiae,
1101 717 1255 791 euchari-

143 828 227 902 stiae
253 853 316 927 per
340 829 477 903 modum
498 828 635 915 viatici,
660 845 692 901 et
713 846 878 903 extremae
898 831 1066 903 unctionis
1086 830 1160 904 sine
1177 857 1255 931 spe-

142 943 217 1017 ciali
246 943 406 1017 facultate
431 944 523 1017 sedis
551 943 774 1042 apostolicae,
796 945 847 1018 vel
869 944 1005 1018 licentia
1030 961 1062 1018 et
1088 947 1255 1047 approba-

141 1059 230 1132 tione
254 1058 420 1132 ordinarii
446 1059 481 1130 in
507 1059 605 1132 cuius
630 1059 777 1133 dioecesi
805 1075 917 1133 extare
942 1060 1148 1158 contigerit?

209 1173 378 1248 Secundo.
387 1173 438 1245 dn
451 1175 612 1248 assistere
625 1173 845 1247 matrimoniis
857 1175 1001 1249 militum
1014 1177 1255 1277 cuiuscumque

142 1289 297 1363 stationis
316 1289 509 1387 degentium
523 1290 557 1360 in
573 1289 753 1388 praesidiis
772 1316 848 1363 cum
866 1289 1069 1365 militaribus
1082 1291 1251 1381 foeminis,

144 1405 215 1479 sinc
232 1405 327 1478 dicta
344 1404 500 1479 facultate
525 1404 732 1505 apostolica,
760 1421 793 1478 ct
817 1404 1030 1504 praecedenti
1057 1406 1255 1506 probatione

144 1537 249 1595 status
275 1519 393 1607 liberi,
420 1521 562 1620 eiusque
587 1520 814 1618 recognitione
838 1547 949 1594 coram
974 1520 1145 1596 ordinario
1169 1522 1252 1611 loci,

144 1653 173 1708 et
196 1635 337 1710 licentia
362 1634 500 1734 parochi
526 1634 591 1709 sub
616 1637 712 1709 cuius
740 1636 900 1735 parochia
926 1636 1109 1711 maneant?

211 1748 336 1822 Tertio.
361 1748 413 1820 dn
439 1749 528 1821 idam
553 1775 629 1822 cum
656 1749 819 1823 militibus
846 1749 1045 1848 degentibus
1072 1749 1106 1820 in
1132 1752 1253 1824 castris

146 1881 173 1936 et
196 1862 402 1938 stationibus
426 1861 589 1962 hybernis
617 1860 668 1938 vel
694 1862 859 1937 aestivis?

212 1978 354 2064 Quarto.
379 1977 430 2050 dn
452 1977 541 2051 idem
564 2004 640 2051 cum
663 1977 828 2050 militibus
846 1979 880 2049 in
899 1979 1021 2052 actuali
1043 1978 1254 2078 expeditione

146 2092 293 2193 positis?

212 2208 351 2295 Quinto.
373 2209 425 2281 An
442 2207 532 2281 idem
550 2234 625 2281 cum
643 2207 807 2282 militibus
830 2209 954 2281 nubere
970 2209 1159 2282 volentibus
1177 2234 1253 2281 cum

144 2325 299 2400 foeminis
321 2351 388 2399 non
409 2325 634 2411 militaribus,
663 2325 723 2398 sed
749 2325 838 2397 italis
865 2326 1055 2422 originariis
1074 2324 1157 2411 loci,
1180 2324 1253 2398 sive

143 2440 313 2516 dioecesis
338 2441 373 2514 in
398 2467 466 2541 qua
493 2439 731 2541 reperiuntur?

211 2559 325 2632 Sexto.
342 2557 392 2629 dn
410 2557 533 2630 milites
552 2555 728 2630 acatholici
749 2583 824 2630 cum
847 2554 1042 2633 acatholicis
1059 2556 1255 2631 contrahen-

144 2690 189 2748 tes
208 2687 387 2747 teneantur
403 2698 537 2747 servare
554 2673 693 2745 sormam
712 2672 951 2771 praescriptam
968 2699 1031 2745 as.
1043 2698 1137 2746 conc.
1154 2671 1255 2745 trid?

210 2788 376 2887 Septimo.
398 2787 449 2859 dn
467 2812 507 2861 eo
524 2787 633 2885 magis
651 2785 829 2859 acatholici
851 2786 1085 2861 contrahentes
1105 2812 1180 2861 cum
1198 2813 1255 2861 ca·

144 2905 278 2980 uocas
295 2904 493 2977 mulieribus
506 2886 737 2990 'militaribus
753 2920 786 2975 a
803 2928 869 2975 110„
888 2903 1089 2978 miliaribus
1108 2905 1142 2975 in
1161 2929 1255 3003 prae

145 3019 261 3107 cidiis,
291 3017 432 3103 castris,
460 3034 494 3091 et
517 3017 728 3117 expeditione
753 3016 950 3091 manentes?

213 3135 356 3211 Octavo.
384 3133 435 3206 An
465 3134 630 3234 capellani
651 3132 826 3207 acatholici
849 3132 1009 3207 assistere
1031 3134 1163 3233 possint
1183 3158 1255 3204 ma-

145 3250 313 3327 trimoniis
338 3248 600 3324 acatholicorum
624 3275 699 3321 cum
720 3247 939 3335 acatholicis,
955 3262 988 3320 et
1000 3247 1183 3346 respective
1199 3271 1256 3320 ca·

144 3364 302 3451 tholicis,
329 3363 431 3437 etiam
453 3363 540 3435 intra
561 3360 644 3435 fines
662 3361 796 3448 ltaliae,
818 3375 851 3433 et
867 3376 1032 3460 quatenus
1050 3359 1203 3458 negative
1220 3360 1255 3431 in

145 3481 302 3556 omnibus
327 3494 459 3581 praeter
485 3494 614 3551 sextum
641 3493 674 3551 et
699 3477 892 3575 septimum.

215 3598 326 3670 Nono.
348 3595 420 3684 dn,
442 3593 575 3693 etquid
595 3618 657 3693 pro
679 3592 854 3665 sanatione
881 3606 1049 3686 gestorum
1071 3590 1106 3660 in
1127 3603 1256 3689 praete-

146 3714 267 3800 ritum,
288 3727 322 3785 et
346 3709 574 3783 faciendorum
593 3708 627 3778 in
646 3708 795 3780 laturum
821 3732 923 3803 super
949 3703 1129 3805 praedictis
1153 3702 1257 3776 omni·

145 3825 204 3902 bus
224 3852 289 3926 pro
308 3841 398 3900 certa
420 3823 536 3922 regula
558 3823 776 3896 sanctissimo
802 3821 1040 3895 consulendum
1060 3835 1092 3893 et
1110 3835 1258 3892 statuen-

144 3941 222 4017 dum
248 3940 327 4016 sit?
1249 4016 1253 4029 ,

212 4057 293 4130 Sac.
311 4082 466 4155 congreg.
488 4056 544 4129 die
563 4062 595 4128 t.
615 4056 724 4129 hlartii
744 4055 849 4126 1694.
875 4052 1059 4152 respondit.
1077 4051 1126 4122 hd
1150 4051 1176 4121 l.
1192 4049 1259 4125 Ne-

143 4173 264 4265 goticc.
298 4172 348 4244 hd
376 4173 418 4244 ll.
440 4171 599 4270 Negotice
624 4171 810 4245 confirmat.
842 4169 877 4240 in
904 4167 1062 4241 ccsolecs.
1089 4168 1147 4239 28.
1169 4165 1257 4238 lunii

145 4287 253 4361 tttt.
272 4287 322 4359 hd
341 4288 400 4359 111.
419 4288 471 4360 lv.
484 4305 517 4362 et
531 4288 569 4360 v.
588 4287 758 4384 Negotice.
776 4283 826 4359 td
839 4285 893 4357 Vl.
909 4284 1111 4383 Affirmctthc
1123 4279 1182 4357 ubi
1196 4307 1259 4380 pu·

227 4430 254 4486 ll
1163 4429 1196 4481 tt
