2804 5062
236 318 305 396 ldl
428 345 489 397 ιιι.
511 342 546 399 ιι.
567 344 654 397 sacr.
675 344 806 397 ιιιιιιι.
827 343 868 397 us
887 342 1011 397 rorum.
1032 342 1143 399 cunt.
1198 392 1201 399 .

304 460 453 555 Assertio
485 463 627 565 quinta,
654 462 745 564 quod
769 478 1017 537 sacramentum
1041 488 1109 538 non
1135 461 1245 537 alium
1269 488 1338 567 pro·

233 578 333 669 ducat
348 576 503 665 cllactum
520 603 622 679 quam
637 576 798 676 gratiam,
816 576 852 650 id
864 593 936 666 ast,
957 603 998 653 cx
1015 575 1203 653 adversarii
1221 594 1339 667 manta,

234 690 325 797 quod
349 707 596 767 sacramentum
624 691 849 767 extrinsecum
874 691 1128 779 sitcontractui
1154 692 1339 792 coniugali,

233 805 334 907 eiquo
357 805 571 909 superveniat
595 805 827 907 accadatque,
854 823 907 883 ast
929 807 1055 909 paritor
1077 806 1170 907 [oisc
1202 823 1343 907 atquca

235 920 295 997 Pio
317 920 372 1005 tx.
390 921 424 993 in
451 947 513 996 suo
537 919 633 995 Brevi
655 918 712 994 his
733 918 845 997 vorbis
869 918 1044 996 damnata:
1065 919 1203 997 «Plura
1215 946 1344 1023 quoquc

233 1036 278 1110 da
302 1034 511 1111 matrimonio
535 1036 625 1136 salac
651 1051 908 1111 asseruntur...
921 1036 1124 1113 Matrimonii
1156 1060 1344 1111 sacraman-

235 1168 306 1225 tum
323 1176 390 1225 non
407 1176 483 1225 assa
506 1149 573 1225 nisi
600 1149 684 1252 quid
709 1152 891 1226 contractui
909 1150 1159 1240 accessorium,
1180 1149 1228 1225 ab
1245 1175 1346 1251 coquo

236 1263 513 1366 separabilc.nllt
528 1264 853 1369 merito.·Siquidom
870 1265 955 1341 adan
973 1266 1129 1361 intimum
1147 1280 1202 1369 ast
1219 1265 1258 1339 in
1273 1289 1345 1340 con·

236 1380 338 1479 iugiis
362 1379 621 1457 christianorum
647 1397 893 1457 sacramentum
923 1370 1130 1471 contractui,
1159 1395 1262 1484 prout
1289 1404 1347 1455 suo

236 1493 309 1569 loco
322 1492 544 1583 ostendimus,
554 1510 592 1568 ut
604 1494 679 1568 sina
692 1509 902 1569 sacramanto
918 1508 1106 1569 contractus
1123 1494 1203 1595 ipse
1221 1493 1347 1594 nuptia·

236 1605 279 1682 lis
305 1606 397 1681 nulla
422 1607 550 1682 rationa
575 1606 750 1683 subsistat.
766 1606 957 1685 Adversarii
974 1607 1100 1685 idcirco
1125 1606 1222 1685 talsa'
1242 1606 1345 1710 luypo·

237 1723 325 1798 thasi
345 1722 495 1813 sublata,
517 1724 698 1798 concidunt
709 1750 750 1799 aa
761 1724 895 1814 omnia,
911 1750 998 1827 quaa
1015 1725 1090 1825 ipsa
1107 1724 1344 1829 superstruxit

240 1836 402 1937 «Dogma
425 1838 547 1913 atanim
572 1836 651 1911 fidei
676 1854 748 1927 ast,
775 1837 884 1939 inquit
902 1838 982 1913 Pius
999 1832 1055 1911 Vl.
1076 1837 1112 1913 in
1131 1837 1199 1923 litt.
1216 1837 1264 1915 ad
1282 1837 1347 1941 api·

231 1977 379 2053 scopum
403 1950 643 2040 motulansem,
660 1969 701 2026 ut
717 1950 986 2040 matrimonium,
1011 1950 1103 2051 quod
1128 1968 1210 2027 anta
1235 1952 1349 2027 adron

239 2081 310 2139 tum
337 2062 462 2140 Christi
488 2062 575 2137 nihil
599 2062 691 2138 aliud
717 2079 812 2152 crat,
841 2062 908 2137 nisi
933 2054 1185 2139 indissolubilis
1215 2065 1348 2167 quidam

239 2195 445 2269 contractus,
472 2178 557 2253 illud
584 2196 661 2280 post
677 2178 801 2254 Christi
827 2176 1005 2269 adtentum
1030 2179 1177 2255 eraserit
1194 2208 1297 2255 unum
1310 2206 1348 2253 aa

238 2308 359 2393 raptam
376 2293 457 2393 Ιεςίε
473 2293 678 2393 eonnpcliccc
694 2295 906 2367 sacramentis
923 2319 945 2367 a
964 2292 1093 2367 otrico
1103 2292 1249 2369 Domino
1260 2295 1348 2369 insti-

243 2422 384 2481 tutum.»
859 2482 860 2486 ,

312 2523 462 2599 Assertio
473 2539 588 2611 sarta,
604 2521 697 2623 quod
710 2522 991 2598 indissolubilitas
1008 2523 1157 2623 coniugii
1176 2524 1345 2601 christiani

241 2665 262 2711 a
282 2638 426 2711 naturali
448 2635 521 2736 lage
545 2654 581 2711 ut
607 2639 701 2737 prius
724 2638 868 2739 expetita
892 2638 1063 2713 sanciatur
1079 2664 1100 2712 a
1118 2638 1256 2737 legibus
1273 2641 1348 2715 civi·

242 2751 350 2839 libus,
379 2769 479 2851 atquo
503 2752 642 2826 ollactus
669 2753 713 2826 sit
737 2753 822 2852 logis
848 2753 976 2841 civilis,
1004 2769 1055 2827 ast
1078 2755 1171 2853 salsa
1191 2769 1227 2828 ct
1244 2755 1348 2830 hacre-

242 2866 328 2952 tica3
348 2866 436 2965 salsa
453 2866 533 2964 quia
545 2891 565 2939 a
578 2867 647 2941 Doo
664 2867 740 2966 ipso
753 2867 788 2938 in
801 2867 958 2964 coniugio
983 2881 1260 2967 protoparentum
1277 2895 1348 2943 con-

243 2980 360 3054 stituta
392 2979 478 3068 luit,
506 3006 546 3054 nc
576 2978 710 3053 demum
735 3006 756 3052 a
781 2979 916 3055 Christo
949 2981 1023 3080 ipso
1056 2980 1259 3057 confirmata
1289 2981 1349 3055 illis

242 3093 372 3170 verbis:
405 3095 491 3194 quod
515 3097 602 3168 Deus
627 3098 807 3181 coniunxit,
837 3096 926 3168 lamo
950 3112 1193 3194 concopulat,
1226 3099 1274 3172 uti
1298 3098 1350 3171 da·

243 3211 382 3284 claravit
406 3235 501 3285 conc.
523 3210 738 3284 tridentinum
756 3212 876 3306 (156);
899 3210 1074 3297 haeretico,
1097 3212 1181 3311 quia
1199 3212 1350 3288 adversa·

244 3342 297 3399 tur
321 3326 507 3401 canonibus
530 3326 567 3398 V.
589 3341 622 3399 at
641 3326 711 3397 llll.
731 3324 883 3399 eiusdem
912 3324 1069 3413 concilii,
1097 3326 1227 3426 quibus
1251 3326 1352 3402 omni·

243 3440 342 3513 moda
375 3440 578 3515 matrimonii
608 3438 784 3513 christiani
816 3439 1038 3514 consummati
1071 3440 1351 3516 indissolubilitas

245 3555 441 3629 adstruitur.
460 3555 616 3656 Alioquin
634 3556 664 3629 si
684 3554 963 3629 indissolubilitas
982 3581 1003 3627 a
1020 3556 1196 3630 sanctione
1213 3557 1353 3656 legisci-

245 3668 322 3744 vilis
344 3669 518 3768 penderet,
539 3668 583 3742 ab
600 3668 717 3743 cadem
737 3669 895 3769 penderet
915 3669 1067 3744 ciusdem
1091 3669 1348 3746 dissolubilius.

245 3871 434 3934 accloetcsttca,
448 3875 508 3924 torn.
521 3875 563 3922 lv.
576 3887 630 3937 pag.
643 3876 687 3924 597
699 3885 768 3936 seqq.
781 3872 884 3936 Phillips
894 3875 937 3923 Du
949 3871 1020 3924 drott
1033 3871 1247 3939 acclrrlnsttque,
1257 3877 1315 3925 tom.
1323 3874 1351 3924 11.

244 3949 268 4014 §.
281 3952 356 4001 cxlt.
369 3961 391 4004 ι.
405 3951 601 4017 loddpendaacc
618 3951 650 4003 de
667 3950 762 4015 l'dqttsa
777 3949 844 4002 dans
861 3965 894 4002 aa
906 3954 1046 4016 pausante
1063 3951 1228 4016 tepulatrtra
1242 3957 1269 4005 ct
1277 3955 1351 4017 jutit-

247 4027 415 4084 dtcttonrtellc
424 4048 434 4091 ,·
454 4032 512 4082 itam
528 4031 642 4095 Margottl
658 4044 699 4094 op.
720 4031 762 4081 cit.
784 4032 907 4082 Processu
923 4031 951 4081 dt
965 4034 1147 4096 Nepomuceno
1164 4035 1255 4098 Nupts
1270 4033 1293 4098 §.
1303 4032 1349 4081 vll.

248 4107 360 4158 Portenta
374 4107 447 4160 detto
463 4109 560 4161 clttesa.
570 4110 692 4174 'luparelli
707 4112 799 4173 Sancto
816 4112 937 4161 teorettco
953 4109 981 4161 dt
996 4108 1090 4161 dtrttto
1106 4111 1252 4176 naturale,
1273 4110 1351 4162 diso

247 4187 293 4238 taz.
305 4189 360 4254 vll.
372 4189 394 4254 s.
406 4192 449 4240 ΙΙΙ.
459 4203 484 4240 n.
497 4194 565 4241 utut.
577 4193 669 4241 Potcre
685 4193 800 4241 coctttvo
812 4189 886 4241 detta
900 4190 996 4241 colora.
1008 4193 1089 4241 Roma
1100 4198 1171 4243 lats.

318 4267 383 4331 (tta)
400 4270 427 4319 tr
443 4271 571 4321 Doctrtno
585 4268 617 4322 do
631 4272 795 4322 sacramanto
810 4271 971 4323 motrtmontt
986 4269 1119 4334 praemissa
1135 4271 1282 4324 amnibus.
