2804 5062
183 342 479 415 cluanuama·
490 360 595 416 ruma.
607 361 1065 417 ιιιιιιιιιιι.ιιιιιι.·ιιι.
1080 366 1127 418 ιιι.
1168 343 1233 417 lul

130 479 343 555 deceruimus
367 505 445 555 asse
470 481 705 583 sanciendam:
726 481 920 584 nullamque
936 482 1033 558 robis
1050 484 1172 557 exinde
1189 485 1237 557 iu-

129 591 249 669 hemus
266 595 339 668 lieri
357 595 605 695 quaestionem,
626 594 762 696 quando
777 612 812 671 et
828 596 920 695 leges
937 613 1072 673 nostrae
1088 598 1233 698 permitti

128 707 299 785 adnotate
315 710 545 798 consentiunt,
560 726 595 785 et
605 730 682 786 vota
693 727 805 786 restra
823 714 1009 813 praesentis
1027 711 1237 787 auctoritatis

126 820 291 899 lemnon
323 825 539 900 firmaverunt
565 827 679 922 (93).»
700 825 831 899 Exinde
855 827 905 902 tit.
927 827 962 899 in
978 825 1061 902 Ccd.
1083 855 1167 903 rom.
1188 829 1237 900 De

125 940 250 1039 nuptir'e
262 964 324 1038 per
338 942 531 1040 rescriptum
552 967 612 1014 seu
635 942 679 1015 dc
697 942 949 1042 dispensatione
966 944 1001 1015 in
1019 944 1158 1044 nuptiis.

164 1067 168 1073 '
197 1051 297 1129 'l'ales
324 1068 403 1128 aunt
428 1055 536 1154 leges,
558 1082 645 1156 quae
661 1057 704 1130 ad
724 1057 895 1157 propriam
915 1083 1054 1132 oausam
1078 1057 1236 1132 tuendam

125 1172 159 1240 in
170 1166 323 1242 medium
342 1171 514 1270 ptulerunt
531 1172 728 1247 adversarii.
744 1173 864 1245 Verum
877 1198 917 1246 ex
932 1173 987 1246 his
1001 1172 1239 1249 subducendas

125 1281 304 1383 inprimis
329 1301 599 1386 suot,quaeex
626 1284 817 1360 auctoribus
847 1287 986 1386 paganis
1012 1287 1135 1386 puerili
1163 1313 1239 1360 eru-

125 1385 269 1472 ditionis
281 1387 506 1475 ostentatione
522 1399 724 1498 allegantur,
741 1426 829 1502 quae
846 1402 994 1500 prolecto
1006 1401 1049 1474 ad
1062 1426 1132 1475 rem
1144 1428 1239 1501 prae

125 1528 255 1586 sentem
279 1513 398 1587 relerri
424 1531 611 1615 nequeunt,
636 1543 712 1590 cum
738 1543 804 1591 oon
830 1534 948 1615 agatur
964 1517 999 1589 in
1018 1512 1087 1590 illis
1104 1518 1147 1589 do
1165 1543 1237 1590 ma-

125 1629 291 1704 trimoniis
316 1630 533 1720 christianis,
562 1622 623 1706 seu
648 1634 692 1706 de
717 1651 925 1707 sacramento
946 1660 967 1717 a
988 1633 1123 1708 Christo
1144 1632 1239 1707 insti·-

125 1757 206 1819 tato.
235 1744 293 1820 Sic
316 1747 441 1847 pariter
472 1748 668 1848 seponenda
696 1765 748 1821 est
780 1747 923 1847 epistola
947 1748 1140 1849 Symmachi
1172 1748 1236 1821 viri

125 1846 271 1948 atluici,
299 1878 333 1935 et
358 1852 582 1963 supplicantis
601 1890 662 1964 pro
675 1863 841 1963 rescripto
858 1863 893 1934 in
915 1864 1060 1937 favorem
1086 1863 1232 1959 coniugii

125 1975 254 2074 agant·
278 1963 367 2073 (ιι).
553 1967 555 1971 ’
1122 2004 1124 2009 -

160 2100 165 2109 ’
192 2089 399 2166 leniendam
425 2082 604 2190 igiturest
627 2093 671 2167 ad
696 2083 788 2193 leges
812 2095 965 2167 conditas
991 2093 1034 2167 ab
1055 2085 1235 2191 imperato·

125 2192 276 2314 libasset
301 2205 435 2304 regibus
459 2206 677 2297 christianis,
706 2209 831 2310 quibus
857 2209 1047 2309 promiscue
1077 2208 1234 2283 omnibus

125 2318 395 2421 ann'qurodam
412 2338 567 2397 vetantur
583 2325 772 2411 connubia,
793 2342 826 2398 et
840 2314 885 2397 ad
904 2324 1086 2422 rescripta,
1107 2323 1233 2423 quibus

125 2434 280 2536 apposita
304 2436 498 2510 relaxantur
522 2427 774 2538 impedimenta.
804 2439 876 2512 Hae
896 2427 996 2535 'leges
1027 2439 1168 2540 itaque,
1195 2453 1233 2511 ut

125 2549 206 2626 alias
239 2548 411 2640 diximus,
440 2543 739 2651 attinguntsolum
764 2555 1004 2653 impedimenta
1027 2554 1157 2642 civilia,
1185 2555 1234 2629 ci-

125 2665 274 2767 vilesque
297 2666 456 2755 allectus,
477 2693 543 2742 non
561 2683 672 2742 autem
696 2668 869 2742 vinculum
896 2670 1031 2768 ipsum,
1053 2671 1100 2744 ita
1115 2685 1154 2743 ut
1170 2670 1235 2744 hoo

125 2781 251 2857 irritum
278 2781 362 2857 soret
386 2782 421 2855 io
446 2783 669 2872 canonisatio,
697 2783 728 2857 si
755 2799 871 2858 contra
904 2782 1015 2882 legum
1042 2786 1234 2861 sancdones

125 2886 313 2997 dtniugiarm
339 2898 459 2972 initam
484 2898 621 2986 luisset,
649 2925 689 2974 ac
715 2899 874 3000 proinde,
904 2900 994 3001 quod
1020 2926 1231 3001 consequens

125 3028 188 3103 tet,
218 3012 443 3088 relaxationes
468 3041 489 3088 a
515 3014 726 3115 principibus
751 3041 813 3117 per
837 3016 1036 3115 rescriptum
1059 3017 1160 3090 datae
1182 3016 1232 3088 el-

125 3118 235 3239 uelus
250 3128 377 3230 pariter
400 3128 518 3204 civiles
543 3146 768 3230 externosque
792 3130 965 3216 alliciunt,
986 3131 1033 3203 ita
1048 3146 1106 3218 ut,
1128 3130 1159 3202 si
1177 3129 1233 3203 ob-

125 3258 207 3318 *euta
231 3243 375 3318 facultas
408 3244 528 3319 fuisset
552 3243 615 3318 has
651 3244 870 3318 contrahendi
905 3238 1063 3343 nuptias,
1092 3240 1145 3318 ius
1171 3242 1234 3318 ha·

125 3354 253 3433 leretm
274 3359 319 3432 ad
345 3359 459 3433 civilia
482 3361 596 3433 omnia
621 3358 797 3459 privilegia
814 3358 896 3433 huic
912 3359 1014 3433 statui
1036 3359 1166 3433 adnexa
1192 3386 1232 3433 ex

185 3616 242 3681 (aa)
258 3618 355 3682 Integra
369 3618 475 3669 tormun
491 3620 581 3684 legitur
591 3619 634 3670 lib.
647 3621 701 3669 vll.
718 3620 859 3670 Vertumni
873 3616 984 3668 eiusdem
997 3616 1147 3668 cassiodorii
1158 3630 1184 3666 u.
1193 3622 1232 3668 ta.
1248 3667 1252 3674 „

125 3699 178 3764 ῃ.
193 3697 237 3748 ed.
254 3700 274 3748 Ι.
286 3699 378 3749 Garetll
391 3700 506 3751 norrun
524 3701 639 3750 maurini.
651 3699 797 3762 ltotncmagi
810 3703 878 3749 1679.
891 3702 952 3749 tom.
963 3701 984 3747 1.
998 3711 1053 3761 pag.
1069 3705 1122 3749 tta.

186 3777 240 3840 (st)
256 3776 364 3841 Epistola
374 3777 506 3829 adductae
515 3779 599 3829 Nautio
609 3792 659 3829 uon
669 3780 706 3829 cst
716 3792 742 3837 o,
750 3777 834 3827 ultori
843 3777 922 3827 x.sed
934 3776 1053 3839 reperitur
1064 3777 1091 3826 in
1100 3777 1232 3826 nuctuario

125 3857 299 3922 pmmwhiano
309 3857 355 3907 rub
365 3870 390 3908 u.
403 3862 439 3908 tt.
449 3857 489 3910 ed.
502 3858 570 3909 Paris
584 3859 704 3909 tantille
711 3858 871 3920 Symmachus
885 3857 928 3908 llle
941 3857 1006 3908 idem
1018 3858 1070 3918 est,
1082 3856 1235 3919 quinomiue

125 3940 215 3990 nu·
225 3936 317 3988 dlrealt
327 3938 488 3989 Relationem
502 3937 534 3988 ad
544 3939 742 3990 Valentlnlaoum
755 3942 892 4001 Augustum
909 3937 939 3988 de
955 3937 1086 4001 repetenda
1101 3950 1144 3986 ara
1152 3937 1234 3988 Vlcto·

125 4006 189 4082 hs,
198 4017 281 4082 deqoe
297 4018 436 4081 sumptibus
453 4019 656 4070 ceremoniarum.
671 4021 697 4069 S.
710 4018 852 4069 Ambrosius
870 4018 913 4068 ubi
928 4017 953 4068 id
968 4017 1102 4082 comperit,
1117 4017 1193 4067 misso
1206 4016 1234 4067 lt·

125 4096 179 4149 de
195 4095 229 4146 ed
246 4095 420 4160 impensiorem
435 4097 584 4161 postularit,
603 4100 630 4147 ut
645 4096 677 4148 ad
692 4110 719 4149 ae
732 4096 877 4148 anatona
897 4097 1047 4160 exemplaria
1062 4096 1233 4160 dirigerentur,

125 4176 154 4228 1
163 4176 218 4241 lpse
228 4189 272 4241 per
282 4176 379 4240 sinprla
395 4189 555 4241 responsurus
566 4180 638 4229 esset.
652 4181 708 4236 Qua
722 4177 858 4230 ltelcttone
873 4180 995 4242 accepta,
1014 4177 1096 4240 inquit
1115 4177 1234 4227 Paulinus

125 4255 243 4319 traubyter
263 4253 373 4306 eiusdem
389 4255 551 4320 biographus,
568 4257 792 4320 praeclarissimum
805 4257 917 4309 libellum
936 4255 1096 4320 moseripsit,
1109 4258 1234 4306 utcontra

125 4334 178 4387 unu
194 4349 305 4401 unqmm
322 4336 423 4389 auderet
442 4338 604 4401 Syntmaclrus
621 4338 662 4388 air
676 4337 892 4402 eloquentissimus
906 4337 1061 4402 respondere.
