2804 5062
140 394 212 469 att
290 404 293 409 ’
359 412 420 464 cm.
441 410 482 463 uc
498 402 587 464 'suen
607 412 631 462 ι.
652 410 692 463 nn
709 409 835 464 norma.
857 406 985 464 manns.

144 552 148 565 ·
190 566 193 571 ·
214 534 310 622 Quae
330 532 467 633 quidem
486 531 642 606 sufficere
657 522 833 618 videntum
855 530 995 632 nequis
1015 547 1133 605 tamen
1151 531 1255 607 adbuc

54 663 59 673 “
141 640 290 750 ambigat
305 664 363 723 aut
374 649 520 723 haerens
540 649 654 723 animo
671 650 728 736 sit,
745 673 813 723 non
832 646 1014 723 abnuimus
1032 648 1185 724 adiicere
1201 674 1255 751 pc

141 769 243 843 nitiva
268 767 487 853 documenta,
515 789 625 866 eaque
650 764 799 851 directa,
823 789 912 864 quae
937 790 1009 838 rem
1030 764 1136 864 plana
1157 766 1253 840 cond

141 871 244 983 uiant.
266 883 345 956 Tale
369 896 422 956 est
446 906 645 982 responsum
671 882 762 983 quod
788 881 886 956 refert
907 882 1055 983 Prosper
1079 883 1252 981 Fagnanus

141 999 257 1075 datum
282 984 304 1071 a
328 1022 419 1071 rom·
435 996 593 1105 pontifice
618 997 662 1071 ad
690 997 889 1077 relationem
911 1021 982 1071 sac.
999 1023 1165 1096 congreg.
1182 1023 1250 1071 oon-

141 1113 211 1189 ‘ciiii
233 1113 289 1188 his
305 1111 438 1188 uerbis:
453 1142 472 1182 u
488 1113 651 1188 Sanctius.
668 1111 784 1186 audita
805 1112 966 1187 relatione
983 1112 1250 1212 congregationis

140 1228 247 1303 dixit:
275 1228 305 1302 si
335 1227 422 1302 alias
448 1227 617 1328 parochus
641 1226 696 1302 vel
719 1227 878 1303 sacerdos
902 1228 1095 1302 catholicus
1122 1229 1159 1301 in
1182 1253 1250 1328 pro-

141 1345 277 1445 pinquo
296 1343 371 1419 ioco
391 1343 458 1431 eit,-
479 1354 592 1418 coram
609 1344 686 1444 ipso
702 1359 735 1418 et
752 1344 894 1451 testibus
911 1343 1150 1432 contrahatur;
1170 1341 1249 1444 qnod

142 1461 172 1535 si
197 1460 232 1533 id
257 1459 416 1534 cmmode
440 1459 514 1559 fieri
537 1474 696 1558 nequeat,
730 1459 941 1532 contrabatur
964 1484 1075 1533 coram
1102 1459 1246 1542 testibus,

143 1584 177 1651 et
193 1576 224 1650 ei
242 1575 314 1650 fieri
332 1574 469 1676 poterit,
489 1575 590 1649 otiam
608 1600 720 1650 eoram
738 1576 889 1649 notario:
910 1574 1009 1650 iactis
1031 1590 1150 1649 tamen
1167 1575 1248 1675 prius

143 1692 179 1766 in
199 1691 342 1793 utroque
363 1712 445 1765 casn
464 1689 783 1765 denunciationibus
796 1689 919 1764 etaliis
935 1689 1080 1764 serratis
1101 1715 1144 1763 ex
1161 1713 1244 1762 conc.

145 1806 378 1905 (tridentino)
407 1804 583 1911 seruandis
614 1809 753 1904 (189).»
769 1805 869 1878 Aliud
893 1806 1137 1880 documentum
1162 1804 1247 1879 nobis

141 1923 337 2025 suppeditat
358 1921 520 1998 'resolutio
543 1931 613 1998 sac.
629 1947 786 2029 congreg.
802 1921 938 1996 concilii
956 1921 1036 1997 data
1051 1922 1112 1996 die
1132 1924 1190 1994 19.
1204 1922 1247 1994 lo

143 2062 239 2112 uuar.
257 2039 365 2110 lbdb.
381 2036 426 2111 ad
440 2034 595 2139 'episcop
606 2037 840 2146 tricariensem
853 2037 989 2113 omnino
1002 2037 1188 2111 conformis
1198 2035 1246 2109 de

143 2150 321 2227 eiurationi
336 2176 425 2225 rom.
441 2152 611 2253 pontificis
624 2152 725 2227 modo
742 2151 879 2240 allatae,
895 2177 983 2253 quae
1000 2151 1172 2227 eiusmodi
1188 2164 1244 2224 est:

131 2290 172 2340 n·
180 2267 215 2339 Si
227 2257 493 2368 ‘vero'parochia
516 2268 551 2341 in
577 2292 645 2369 qua
666 2268 729 2343 fuit
748 2267 934 2370 aliquando
956 2266 1177 2344 observatum
1198 2265 1246 2339 de

143 2398 271 2484 cretum
286 2382 560 2480 (tridentinum),
573 2384 722 2483 parocho
735 2397 862 2471 careat,
878 2399 912 2457 et
923 2383 1134 2459 cathedralis
1144 2382 1245 2458 itidem

50 2570 72 2596 ,Ι
144 2497 305 2599 episcopo
317 2514 350 2572 et
362 2498 509 2598 capitulo
523 2497 725 2587 habentibus
744 2525 764 2572 a
781 2498 923 2573 concilio
944 2496 1140 2572 facultatem
1158 2497 1245 2572 alium

146 2612 354 2686 sacerdotem
380 2613 423 2687 ad
449 2612 483 2685 id
509 2612 705 2711 delegandi,
735 2613 916 2714 nullusque
937 2612 1025 2685 alius
1043 2611 1092 2685 ibi
1117 2614 1180 2700 eit,
1197 2609 1244 2710 qui

144 2727 237 2802 uices
259 2727 418 2829 parochi,
447 2745 505 2802 aut
529 2730 677 2831 episcopi
711 2729 896 2829 suppieat,
925 2729 1176 2802 matrimonium
1198 2750 1244 2799 oo

148 2843 191 2917 let
218 2845 339 2943 absque
362 2848 549 2943 praescotia
573 2847 729 2944 parochi,
764 2862 897 2919 seruata
929 2844 1106 2917 tamenin
1133 2871 1193 2930 eo,
1216 2840 1242 2911 in

146 2984 215 3060 quo
233 2975 360 3059 potest,
382 2959 488 3033 forma
505 2961 636 3035 concilii
651 2988 659 3048 ;
676 2987 797 3060 nempe
813 2959 975 3033 adhibitis
994 2958 1116 3033 saltem
1129 2957 1240 3032 duobus

142 3074 300 3149 testibus.
330 3075 365 3146 Si
389 3101 469 3149 vero
493 3091 605 3149 extent
636 3077 772 3176 quidem
801 3076 971 3174 parochus
996 3091 1030 3148 et
1054 3076 1237 3175 episcopus,

143 3191 207 3266 sed
235 3190 328 3266 nullo
353 3191 533 3266 constituto
558 3191 705 3280 vicario,
730 3208 870 3293 uterque
895 3207 985 3264 metu
1013 3191 1237 3265 haereticorum

142 3306 266 3395 lateat,
288 3333 350 3381 nec
373 3308 416 3381 ad
437 3307 630 3381 alterutrum
648 3308 693 3380 eit
710 3323 801 3381 tutus
827 3331 1003 3394 accessus,
1032 3307 1181 3380 validum
1201 3312 1237 3375 cst

145 3424 395 3498 matrimonium
415 3424 544 3524 absque
561 3423 727 3524 parocho,
747 3422 911 3497 adhibitis
927 3439 1041 3496 tamen
1060 3422 1189 3498 duobus
1202 3434 1235 3491 tu·

147 3536 257 3611 subus
274 3541 412 3634 (190).»

219 3655 257 3726 ln
274 3652 378 3727 dubio
396 3669 506 3727 utrum
526 3654 731 3756 publicatum
751 3656 850 3729 fuerit
866 3681 929 3729 nec
946 3681 989 3728 ne
1006 3654 1176 3728 decretum
1191 3647 1232 3720 tn'·

145 3767 319 3842 dontinum
338 3770 372 3840 in
391 3769 560 3844 nonnullis
583 3772 739 3844 Sinarum
762 3771 944 3873 provinciis
968 3770 1154 3844 resolutum
1176 3763 1230 3838 tuit:

148 3886 243 3957 «Non
267 3885 505 3985 inquietandos
535 3885 671 3972 fideles,
693 3886 751 3987 qui
775 3887 979 3961 missiocerio
999 3887 1092 3984 loope
1109 3885 1230 3958 naseu

220 4122 286 4185 (aaa)
302 4125 387 4188 Prosp.
405 4124 513 4188 Fugnani
529 4126 722 4177 commentario
738 4128 766 4175 tn
782 4122 888 4175 samad.
910 4123 972 4174 (σὺν.
995 4123 1122 4176 decretal.
1141 4125 1176 4174 Da
1187 4115 1233 4180 sm

146 4203 301 4266 competenti
309 4202 334 4253 ln
345 4216 400 4266 cap.
409 4206 436 4253 st
447 4203 559 4255 clericus
573 4217 598 4254 n.
611 4211 648 4255 ts.

217 4277 283 4346 (190)
301 4281 371 4348 Apud
382 4284 461 4334 Diana
474 4283 586 4336 Resolut.
599 4284 693 4335 morat.
707 4287 769 4348 part.
782 4285 822 4336 x1.
835 4287 905 4336 tract.
917 4287 959 4335 Vl.
972 4285 1045 4337 recol.
1058 4286 1078 4337 Ι.
1090 4285 1172 4336 venet.
1182 4281 1232 4331 itta

147 4375 202 4429 pag.
213 4369 266 4414 tas.
