2804 5062
191 383 1118 438 mannassenror.insusurrarentsrousnnru.
1173 369 1242 440 185

150 503 245 577 stolus
269 503 416 578 ostendit
441 502 652 604 apertissime
676 505 871 602 coniugium
895 507 930 577 in
961 506 1034 603 lage
1059 507 1245 583 christiana

147 618 229 692 nullo
248 619 350 694 modo
371 618 517 718 pendere
540 618 758 693 aCaesarum
775 618 928 718 legibus,
957 648 1033 695 cum
1058 648 1098 695 ea
1123 639 1246 697 statue·

144 735 182 808 rit
200 755 292 835 quaa
312 734 442 808 eisdam
460 735 743 824 adversabantur,
764 734 816 810 vel
838 737 977 811 certain
995 737 1038 811 iis
1056 765 1122 811 non
1141 740 1246 813 conti-

143 849 310 924 nebantur.
338 849 513 925 Absonum
537 876 638 950 porro
663 852 747 925 foret
774 851 885 927 dicere
914 879 1018 953 penos
1044 853 1160 927 civilia
1184 855 1244 928 tri-

143 964 273 1040 bunalia
297 965 418 1041 fideles
441 966 602 1042 debuisse
620 992 742 1042 causas
766 968 985 1042 connubiales
1003 969 1142 1067 agitare,
1159 996 1246 1068 quae

143 1108 193 1183 pro
204 1083 339 1157 obiecto
350 1081 513 1156 haberent
525 1083 597 1157 siva
608 1109 629 1158 a
642 1083 777 1157 Christo
789 1084 861 1158 sive
874 1084 1086 1184 abApostolo
1100 1086 1241 1159 sancita.

204 1195 248 1271 iit
268 1197 355 1271 baec
381 1196 518 1298 quidem
538 1224 579 1272 ex
605 1199 712 1273 sacris
740 1198 882 1287 litteris;
911 1201 1003 1300 quod
1027 1227 1107 1274 vero
1131 1202 1248 1275 attinet

144 1312 178 1387 ad
200 1314 436 1421 traditionem,
456 1314 635 1413 omnigena
652 1330 835 1415 suppetunt
851 1331 1067 1415 argumenta,
1084 1343 1172 1418 quae
1188 1343 1247 1391 ve-

145 1427 223 1502 ritati
247 1429 304 1503 oui
330 1430 599 1529 patrocinemur,
630 1430 869 1530 suffragantur.

203 1543 253 1618 Ac
286 1543 397 1644 primo
420 1545 594 1643 negativa,
627 1545 688 1619 sed
714 1558 851 1645 prorsus
878 1546 1124 1635 ineluctabilia;
1156 1547 1248 1621 nulla

146 1659 302 1759 siquidem
327 1659 436 1734 tn'bus
460 1659 816 1759 prioribus‘ecclesiaa
840 1661 963 1736 seculis
993 1661 1113 1760 legitur
1143 1688 1248 1738 causa

148 1772 345 1849 connubialis
362 1774 624 1851 christianorum
641 1776 684 1850 ad
700 1777 916 1874 magistratus
935 1777 1088 1877 politicos
1110 1777 1244 1867 delata;

150 1887 201 1963 ino
223 1889 411 1965 absurdum
444 1906 496 1966 est
524 1891 578 1966 vel
609 1891 775 1992 suspicari
808 1891 957 1991 aliquam
986 1893 1029 1965 ad
1060 1919 1118 1966 eos
1155 1891 1248 1967 dela·

152 2017 203 2076 tam
228 2003 350 2078 fuisse.

207 2118 363 2194 Secundo
383 2145 464 2194 vero
485 2119 687 2197 documenta
704 2137 820 2197 extant
842 2122 1008 2221 positiva,
1041 2121 1132 2222 quod
1157 2121 1248 2196 eius·

154 2235 376 2311 modicenses
402 2263 423 2310 a
449 2235 607 2311 tribunali
639 2236 867 2312 ecclesiastico
899 2238 1022 2311 luerint
1046 2236 1244 2336 diremptae.

154 2345 264 2425 ltenim
291 2352 529 2454 praetermisso
553 2353 831 2454 pseudo-Abdia,
859 2354 918 2455 qui
951 2353 1051 2427 refert
1080 2352 1248 2451 Philippis

155 2487 212 2541 rr.
234 2466 371 2542 Andron
395 2467 547 2568 apostolo
569 2469 690 2542 uetitas
707 2468 815 2543 luisse
831 2469 967 2570 nuptias
996 2469 1139 2543 duorum
1165 2493 1245 2543 eon·

156 2579 351 2659 sobrinarum
368 2583 472 2658 veluti
490 2584 636 2658 incestas
657 2587 722 2680 (i),
743 2584 887 2682 legimus
908 2584 1058 2658 indultas
1079 2582 1250 2658 aCallisto

156 2719 243 2798 papa,
265 2724 367 2774 secus
390 2724 429 2774 ao
446 2698 571 2773 ferrent
590 2698 683 2799 leges
708 2725 891 2787 romanae,
912 2700 1048 2801 nuptias
1063 2699 1149 2774 inter
1165 2697 1252 2774 chri·

158 2811 267 2889 stianss
292 2815 456 2914 ingenuas
469 2813 633 2890 foeminas
647 2831 681 2889 et
701 2842 834 2904 servos,
854 2843 982 2916 easque
1008 2831 1097 2889 ratas
1115 2815 1251 2890 omnino

156 2949 183 3000 tc
195 2928 304 3004 licitas
327 2929 531 3004 decrevisse.
562 2931 637 3017 Qua
653 2930 698 3004 de
719 2957 755 3004 re
777 2931 1035 3030 antiquissimus
1053 2947 1169 3006 auctor
1188 2957 1244 3030 op.

155 3038 502 3145 Pliloaoplumcnorum
528 3045 648 3120 acerbo
673 3045 848 3120 Callistum
866 3046 1000 3121 incusat
1019 3049 1083 3142 (8),
1107 3045 1167 3120 sod
1187 3042 1250 3117 im-

203 3250 238 3313 (7)
250 3248 307 3301 aio.
318 3250 363 3299 ΠΙ.
375 3250 507 3300 sisoim
515 3248 673 3313 apotolicae
688 3262 713 3299 n.
724 3251 767 3301 xi.
780 3249 846 3314 apud
856 3249 994 3301 Fabricium
1012 3248 1099 3300 cora
1108 3247 1250 3312 Apoeoepi.

152 3324 206 3379 rot
220 3330 289 3380 rest.
299 3332 361 3379 tom.
373 3330 405 3379 11.
418 3341 474 3392 pag.
488 3333 534 3379 ita
547 3341 599 3392 seo.
613 3329 681 3386 Quae
700 3327 731 3377 ad
748 3328 814 3378 hunc
824 3329 967 3391 scriptoram
986 3340 1045 3378 sane
1058 3326 1187 3389 antiquum
1199 3338 1252 3390 spe·

151 3405 215 3472 nrt,
235 3408 390 3472 reperiuntur
404 3407 471 3472 apud
489 3406 603 3458 eumdem
616 3406 754 3457 Fabricium
773 3406 798 3457 in
817 3407 916 3470 praevia
935 3408 1092 3458 Testimonto
1108 3406 1135 3456 ct
1148 3417 1250 3457 centur.

151 3482 234 3539 dcirco
251 3500 329 3552 opere
346 3487 445 3538 iudice
466 3486 607 3551 adempto.

201 3570 253 3619 iios
275 3567 319 3616 vis
340 3565 465 3617 innuimus
484 3579 548 3630 quae
568 3565 619 3616 iilic
635 3566 770 3628 habentur,
790 3580 847 3616 oum
865 3564 959 3616 nultius
975 3565 1025 3616 tere
1047 3565 1252 3617 aucwutatissit.

148 3643 209 3698 tiras
228 3647 357 3712 quomodo
377 3646 409 3697 ct.
421 3646 573 3709 sinuarent,
592 3645 663 3697 iilum
674 3645 781 3697 adducto
798 3646 845 3697 sub
855 3647 954 3697 nomine
967 3646 1024 3696 tulii
1041 3645 1143 3696 atriceni
1156 3647 1184 3695 tn
1200 3657 1253 3695 cer·

149 3724 233 3780 uam
249 3726 451 3792 aperiuntur.

200 3808 238 3873 (8)
256 3809 312 3859 Hoc
321 3819 384 3871 opus
394 3808 506 3872 spontane
515 3806 546 3857 ad
555 3819 604 3858 soc.
619 3807 736 3858 ecciesiae
748 3809 792 3857 ili.
805 3808 927 3871 repertum
939 3807 965 3856 in
985 3805 1092 3869 quodam
1108 3805 1255 3855 mountain

148 3881 302 3938 amaon
312 3884 427 3949 uynotde
437 3886 521 3948 Manes
532 3897 561 3936 to
573 3886 696 3936 Lutetiam
706 3886 816 3935 deatum
824 3888 862 3935 est
870 3898 909 3935 an.
920 3889 988 3935 18⁴2.
999 3883 1087 3934 oxonii
1097 3882 1161 3946 typis
1170 3883 1254 3946 vulga·

147 3961 187 4014 itu
196 3965 308 4028 primum
318 3965 356 4013 att
371 3975 412 4013 tn.
427 3970 494 4014 1851.
506 3963 587 4014 Huius
597 3963 678 4027 operis
689 3963 798 4027 inscripti
807 3962 1045 4027 Philosophumcno
1061 3961 1179 4025 quodque
1188 3962 1255 4012 exhi·

148 4037 393 4107 hemmingum
405 4042 478 4094 ulum
489 4043 540 4094 tere
550 4043 684 4107 primorum
694 4044 831 4094 seculorum
841 4044 948 4094 incertus
957 4044 994 4091 est
1002 4043 1096 4092 auctor.
1105 4042 1185 4092 ititler
1194 4041 1257 4092 iilud

149 4120 223 4176 iltuit
240 4124 356 4188 origeui5
373 4123 456 4174 iacobi
474 4123 501 4174 in
514 4125 697 4175 Germaniam.
714 4131 781 4176 1852.
793 4122 912 4174 adscribit
920 4122 995 4173 etiem
1007 4123 1121 4186 scriptori
1138 4136 1253 4186 romano3

150 4198 233 4257 husen
244 4205 272 4255 tn
284 4217 327 4269 oo.
341 4202 500 4268 Hippolytus
511 4202 567 4256 aad
577 4202 619 4255 itis
634 4215 683 4266 oce
700 4215 744 4254 seu
761 4202 917 4268 uippotpoo
934 4204 1043 4267 eiusque
1058 4205 1132 4254 octos
1149 4203 1256 4266 quamor

151 4281 230 4335 itum.
248 4283 323 4337 editis
343 4282 391 4336 sub
407 4283 482 4335 tinem
501 4281 611 4335 eusdem
622 4282 681 4334 anni
701 4289 769 4334 toti.
790 4281 918 4335 contendit
931 4294 1019 4335 verum
1034 4285 1160 4335 auctorem
1178 4281 1254 4332 utne

155 4363 1255 4443 cmumepuccprrnportuenscn‚mocuniensententmmniemt
1306 4379 1309 4385 ’
