2804 5062
146 391 210 441 w.
225 392 268 440 Π.
283 389 324 438 Μ
338 388 427 439 8001..
445 388 550 439 POTES.
565 388 678 439 SANAN·
695 389 789 439 MATR.
803 390 835 440 IN
849 391 920 440 MD.
939 391 998 441 ΛΒΤ
1011 391 1034 441 Ι.
1100 365 1175 443 157

62 510 245 597 debuisset,
269 510 339 580 iam
357 506 528 605 legitimus
554 507 732 596 reddatur,
762 524 799 581 ut
823 509 1008 608 producere
1032 510 1176 610 incipiat

58 627 191 700 effectus
218 650 331 710 suos,
365 623 539 720 analogice
569 626 698 696 sanatio
729 625 801 697 iure
835 642 1060 727 nuncupatur.
1086 623 1175 702 Saue

56 743 141 816 card.
172 743 324 842 Caprara
349 741 384 813 in
411 739 570 814 facultate
594 741 673 814 data
704 741 886 815 Galliarum
913 742 1109 843 episcopis,
1130 743 1174 817 de

58 886 121 959 qua
137 875 259 958 postea
276 856 472 957 loquemur,
493 856 548 928 his
567 857 671 929 utitur
686 855 819 930 uerbis:
836 856 1063 931 «Facultatem
1082 883 1175 931 com-

60 971 550 1071 municamus....disperrsoudi
573 973 609 1043 in
635 971 746 1044 radice
771 973 995 1061 matrimonii,
1022 1000 1083 1046 seu
1108 1000 1177 1047 ma·

61 1090 247 1163 trimonium
270 1089 307 1161 in
334 1087 449 1161 radice
469 1089 631 1174 sanandi,
660 1089 801 1188 perinde
822 1115 861 1163 ac
886 1091 916 1162 si
940 1091 1176 1166 contrahentes

61 1207 115 1304 qui
136 1205 180 1278 ad
201 1204 451 1278 matrimonium
477 1204 661 1277 ineundum
688 1205 856 1279 inhabiles
877 1205 1027 1294 lucrant,
1047 1220 1081 1279 et
1098 1233 1177 1280 con-

60 1345 192 1392 sensum
217 1318 394 1416 illegitimc
419 1319 676 1418 praestiterant,
699 1319 742 1393 ab
760 1320 857 1394 initio
878 1320 1010 1394 habiles
1032 1320 1177 1397 luissent

61 1453 87 1509 et
109 1461 319 1511 consensum
345 1434 493 1533 legitime
514 1435 763 1534 praestitissent
787 1439 877 1534 (2).»

123 1552 332 1652 intelligitur
358 1556 392 1625 2.
409 1579 516 1654 quare
540 1552 672 1627 dicatur
689 1555 822 1630 sanatio
840 1556 1044 1630 matrimonii
1067 1558 1104 1629 in
1123 1581 1180 1630 ra·

60 1672 120 1744 dice
145 1686 208 1745 aut
232 1698 255 1744 0
278 1670 409 1757 radice,
430 1669 687 1771 quia‘uidclicet
704 1697 893 1746 consensus
911 1699 932 1746 a
949 1699 1017 1772 quo
1040 1688 1174 1746 contra-

60 1806 127 1862 ctus
151 1786 417 1861 matrimonialis
442 1787 588 1886 pendet,
617 1787 712 1860 radix
739 1804 807 1876 est,
837 1804 874 1860 ut
897 1789 1064 1875 diximus,
1085 1786 1178 1861 unde

60 1905 251 2004 coniugium
285 1902 438 1977 validum
478 1904 523 1979 sit
555 1920 614 1977 aut
645 1904 860 1991 invalidum,
901 1903 1086 2001 legitimum
1121 1918 1181 1977 aut

60 2020 281 2119 illegitimum.
306 2018 391 2093 Cum
408 2021 522 2122 itaque
539 2046 727 2094 consensus
744 2020 801 2092 hic
818 2020 960 2093 allectus
977 2019 1060 2094 vitio
1078 2019 1179 2095 luerit

61 2135 100 2208 ab
124 2136 247 2224 initio,
278 2134 384 2236 idque
408 2136 456 2209 ita
479 2136 603 2209 deinde
636 2136 796 2224 tollatur,
825 2151 862 2209 ut
886 2161 1073 2210 consensus
1103 2136 1180 2235 ipse

62 2251 227 2350 legitimus
255 2267 434 2327 censeatur
450 2269 483 2326 et
500 2253 560 2326 fiat
578 2279 639 2352 pro
657 2253 715 2326 illo
735 2253 844 2354 primo
869 2253 1019 2325 instante
1035 2277 1103 2352 quo
1120 2251 1181 2325 da-

62 2387 108 2443 tus
128 2385 200 2458 est,
229 2370 385 2470 adeoque
409 2370 481 2444 iure
503 2370 643 2443 allectus
662 2396 779 2445 omnes
801 2369 914 2443 eliciat
930 2370 1070 2468 perinde
1087 2393 1128 2442 ac
1146 2367 1176 2443 ei

62 2487 168 2560 esuis
196 2485 395 2585 primordiis
419 2485 592 2583 legitimus
618 2486 755 2574 suisset,
786 2485 904 2559 merito
926 2485 1177 2559 matrimonium

63 2603 168 2702 ipsum
192 2601 309 2675 sanari
327 2602 451 2675 dicitur
467 2605 504 2674 ire
520 2601 644 2674 radice.
667 2602 827 2688 Quinimo
845 2629 951 2702 quum
969 2602 1004 2672 iu
1027 2600 1178 2699 legitimo

62 2743 226 2791 consensu
253 2732 445 2790 contractus
462 2715 651 2814 coniugalis
668 2732 866 2806 enascatur,
885 2732 918 2791 et
931 2733 1070 2790 sanetur
1086 2716 1177 2792 idem

63 2835 129 2933 ipsc
153 2860 346 2909 consensus
368 2861 429 2907 seu
450 2848 611 2935 purgetur
634 2860 656 2906 a
675 2833 777 2920 vitio,
799 2833 891 2933 quod
910 2833 1022 2934 ipsum
1045 2834 1178 2907 irritum

64 2950 275 3036 reddiderat,
298 2949 375 3024 ideo
400 2949 485 3024 sorte
510 2950 678 3023 eiusmodi
698 2951 846 3037 sanatio,
868 2950 976 3047 magis
994 2949 1130 3050 proprie
1147 2963 1181 3022 et

63 3083 216 3140 accurate
240 3064 476 3162 designaretur
492 3091 553 3164 per·
570 3065 748 3140 formulam
769 3067 953 3138 sanationis
970 3063 1095 3136 radicis
1112 3087 1181 3136 ma·

62 3182 224 3271 trimonii,
245 3207 350 3281 quam
367 3207 429 3280 per
444 3181 603 3255 usitatam
622 3182 761 3256 alteram
778 3183 960 3255 sanationis
979 3176 1184 3250 matrimonii

63 3302 187 3373 inante
199 3298 325 3371 rcdicc.
339 3298 622 3398 Quandoquidem
635 3314 689 3372 cst
702 3299 780 3398 ipsa
793 3295 997 3370 matrimonii
1007 3292 1110 3366 radic
1119 3318 1181 3367 sau

62 3440 266 3498 consensus,
288 3414 347 3512 qui
370 3429 528 3500 senatur,
549 3413 701 3513 adeoque
721 3413 814 3512 prior
831 3409 975 3484 formula
991 3408 1103 3507 magis
1120 3433 1182 3483 no-

63 3529 109 3603 bis
131 3529 178 3603 ob
199 3527 318 3602 oculos
345 3553 470 3628 ponere
493 3528 625 3602 ridetur
650 3528 818 3600 notionem
836 3541 869 3599 et
886 3525 1112 3600 conditionem
1131 3526 1181 3599 rai

64 3645 100 3718 de
125 3671 199 3745 qna
224 3643 440 3718 disserimus.
469 3642 624 3716 Ceterum
650 3670 671 3716 1
697 3658 832 3742 recepta
862 3641 1021 3742 loquendi
1053 3642 1183 3715 ratione

64 3786 125 3834 uon
142 3759 224 3832 ideo
241 3758 469 3845 discedimus,
500 3784 542 3832 ne
567 3759 706 3832 novitati
734 3758 869 3831 studere
892 3758 1081 3832 videamur.

133 3873 339 3971 intelligitur
364 3875 398 3944 3.
420 3899 526 3973 quare
545 3873 730 3946 dixerimus
751 3874 865 3946 omnia
889 3888 923 3945 et
948 3869 1021 3945 sola
1046 3867 1183 3967 impedi-

68 4002 169 4062 ue'ato
186 3990 346 4061 0010πὶ00
367 4015 471 4088 posse
487 3988 530 4061 ab
548 3987 692 4063 ecclesia
709 3987 780 4061 tolli
798 3988 843 4060 ad
861 3984 1072 4061 sanationem
1094 3984 1185 4058 eius·

71 4103 153 4178 nodi
180 4103 409 4177 efficiendam.
433 4103 566 4177 Etenim
585 4104 615 4177 si
632 4103 889 4201 impedimenta,
912 4126 1002 4200 quae
1024 4099 1183 4175 uitiosum

138 4277 173 4341 (t)
190 4280 332 4329 Doentum
344 4291 397 4343 quo
410 4275 723 4342 cportottcoesacuttcter
735 4274 942 4327 demandaretur.
953 4276 981 4326 tn
991 4273 1097 4342 append.
1110 4272 1186 4324 tertia

78 4365 149 4413 lew.
160 4358 202 4409 eut
215 4358 257 4410 ut.
269 4357 752 4413 011111111111101000111101011
760 4357 892 4420 1110110001
904 4356 976 4409 uult.
