2804 5062
179 381 248 436 cn.
262 381 669 444 r11.nautra.rann.cuu
683 383 858 436 truserat
872 384 935 436 rur.
949 384 997 435 sa.
1015 384 1132 437 rann.
1176 363 1243 437 ³39

134 501 206 576 cius
231 525 401 576 consensu
425 501 460 573 in
485 501 758 589 matrimonium,
784 517 821 575 at
845 501 1042 602 praehabito
1068 504 1174 602 partis
1195 506 1248 577 in-

134 614 242 691 fidelis
256 640 427 691 consensu
440 615 475 688 in
488 614 773 691 cohabitationem
788 615 919 717 absque
932 617 1135 693 contumelia
1147 616 1248 694 Crea-

133 732 252 805 toris.»
308 744 310 748 '

201 848 347 948 lnsuper
363 860 402 918 ut
418 871 478 946 pro
495 845 746 947 tranquillanda
763 847 970 921 conscientia
987 848 1145 946 dignetur
1162 851 1247 924 San-

131 962 231 1036 ctitas
257 989 322 1038 sua
347 960 559 1036 consolidare
583 963 627 1035 ad
652 963 834 1051 cautelam,
856 978 888 1037 et
905 979 1071 1063 quatenus
1089 991 1175 1065 opus
1187 968 1243 1055 sit,

131 1079 346 1154 matrimonia
369 1075 403 1153 ri
433 1079 704 1180 praecedentium
728 1079 1019 1179 dispensationum
1046 1097 1146 1156 antea
1168 1108 1248 1157 con·

129 1208 252 1281 nacta,
280 1194 445 1267 existente
469 1192 609 1266 muliera
634 1194 669 1264 in
694 1208 859 1292 potestate
883 1195 1049 1293 raptoris,
1077 1213 1245 1296 quatenus

130 1307 262 1383 nullum
287 1307 382 1381 aliud
406 1308 516 1383 obstat
540 1307 819 1408 impedimentum
844 1308 1020 1384 dirimens.

201 1424 373 1498 Sanctitas
390 1448 453 1498 sua
470 1424 605 1525 utrique
622 1423 859 1523 supplicationi
877 1425 1015 1524 dignata
1031 1441 1083 1500 est
1099 1426 1245 1524 henigne

130 1563 292 1612 annuere.
316 1539 399 1612 ltem
423 1537 468 1612 ad
492 1553 623 1613 sextum
641 1538 782 1612 dubium
800 1540 953 1614 eiusdem
976 1541 1127 1642 episcopi
1150 1566 1246 1616 eara-

130 1653 262 1728 diansis
274 1652 450 1728 videlicet:
469 1652 544 1725 «An
563 1653 609 1727 sit
633 1654 847 1728 concedenda
865 1654 1007 1729 facultas
1025 1681 1046 1728 u
1066 1656 1247 1730 missiona-

132 1769 189 1846 riis
220 1771 328 1870 petita
351 1769 589 1845 convalidandi
615 1771 865 1845 matrimonium
890 1770 1069 1844 mulierum
1096 1770 1246 1845 fidelium

130 1908 205 1959 curn
236 1885 404 1984 apostatis
429 1900 655 1974 contractum,
684 1912 745 1960 seu
770 1912 831 1985 per
846 1886 915 1959 rim
933 1911 994 1960 seu
1012 1901 1089 1984 post
1111 1902 1244 1987 raptum

130 2015 161 2075 et
183 2016 368 2100 antequam
393 2000 490 2101 ipsae
515 2002 550 2073 in
576 2001 650 2076 loco
674 2017 744 2075 tuto
770 2001 920 2075 redditae
945 2001 1096 2075 fuerint?

199 2114 458 2217 Responderunt
474 2115 684 2190 eminentiss.
706 2131 818 2215 patres
837 2114 1081 2190 consulendum
1095 2115 1244 2190 Sanctis·

131 2233 216 2307 simo
241 2257 304 2333 pro
328 2232 548 2306 concessione
572 2231 741 2305 facultatis
769 2233 910 2331 petitae,
943 2231 1125 2307 dummodo
1160 2231 1245 2306 fides

131 2346 309 2422 mulierum
335 2347 440 2421 sitin
466 2364 556 2436 tuto,
587 2348 683 2448 ipsae
706 2346 812 2421 libere
836 2348 1065 2434 consentiant,
1094 2372 1134 2421 ae
1165 2371 1247 2446 pos-

130 2462 195 2537 sint
220 2461 377 2537 hahitare
395 2489 472 2537 oum
490 2477 646 2562 apostata
663 2462 738 2537 sine
755 2462 957 2536 contumelia
974 2460 1161 2549 Creatoris3
1183 2487 1246 2536 sua

130 2578 297 2654 Sanctitas
322 2577 468 2677 benigno
497 2579 636 2677 dignata
660 2595 713 2653 est
738 2579 875 2678 petitam
908 2577 1099 2654 facultatem
1127 2603 1248 2653 conco·

131 2693 254 2769 dere.»

203 2839 223 2880 α
235 2809 274 2881 ln
292 2809 357 2882 hac
374 2833 474 2908 porro
491 2807 749 2907 dispensatione
766 2807 981 2883 concedenda
999 2808 1117 2883 sedulo
1133 2826 1249 2910 pastor

135 2924 312 3000 mulierem
336 2924 518 2999 admonere
543 2950 611 2998 non
636 2923 770 2998 omittat
785 2924 829 2997 dc
846 2923 939 3022 gravi
959 2923 1162 3023 obligatione
1179 2952 1248 3026 qua

132 3055 262 3116 tenatur
293 3041 385 3115 omni
411 3066 475 3141 ope
500 3066 636 3128 curare,
664 3056 702 3115 ut
726 3040 933 3140 perbonam
959 3042 1248 3116 conversationem

131 3181 227 3231 suam
254 3170 442 3256 apostatam
467 3181 488 3228 a
514 3171 672 3255 suscepta
697 3157 870 3255 impietate
895 3171 1085 3230 revocatum
1110 3155 1245 3230 Christo

133 3268 217 3346 lucri
244 3270 379 3358 facere,
407 3286 479 3344 turn
502 3286 539 3344 ut
562 3285 720 3368 suscepta
745 3269 855 3370 proles
877 3271 913 3342 in
932 3270 1146 3349 sanctissima
1169 3270 1248 3344 reli-

130 3388 232 3486 gione
258 3387 492 3460 instituatur.»

202 3501 317 3588 Quum
328 3526 409 3576 vero
427 3502 461 3573 in
474 3527 540 3575 usu
553 3500 745 3575 earumdem
760 3500 953 3599 facultatum
967 3499 1120 3574 nonnulli
1132 3526 1248 3576 exces-

129 3616 239 3691 serint
264 3616 495 3704 missionarii,
524 3616 605 3690 hine
622 3615 791 3690 Clemente
806 3616 897 3687 lllll.
920 3619 955 3687 l.
977 3615 1118 3714 Augusti
1136 3618 1243 3689 1'169.

127 3731 361 3834 approbante,
400 3759 470 3808 sac.
497 3734 711 3831 congregatio
736 3759 765 3806 s.
788 3732 891 3807 officii
917 3732 1088 3819 decrevit,
1112 3762 1129 3802 ιι
1155 3732 1249 3808 Serio

127 3849 378 3947 iniungendum
403 3875 481 3923 esse
504 3849 641 3923 vicariis
667 3847 881 3949 apostolicis,
906 3863 944 3921 ut
967 3874 1083 3922 omnes
1101 3864 1249 3949 etquos-

125 3989 277 4064 cumque
301 3963 556 4053 missionarios,
585 3964 829 4063 cuiuscumque
859 3961 988 4036 ordinis
1018 3978 1051 4036 et
1080 3963 1244 4051 instituti,

126 4081 231 4155 etiam
258 4082 433 4155 societatis
460 4082 558 4167 lesu,
588 4080 646 4181 qui
672 4079 896 4156 matrimoniis
914 4103 990 4152 cum
1008 4078 1248 4180 impedimento

127 4194 346 4296 disparitatis
383 4196 496 4270 cultus
535 4211 568 4269 et
604 4194 734 4296 absque
771 4193 1025 4294 dispensatione
1064 4194 1249 4294 apostolica

129 4310 316 4387 contractis
349 4310 592 4397 interfuerint,
624 4325 681 4386 aut
712 4324 750 4384 ut
777 4309 1019 4385 contrahantur
1045 4331 1248 4384 consensum

1177 4422 1199 4467 s
