2804 5062
156 356 223 426 tit
363 380 424 430 cn.
452 382 487 431 n.
515 380 600 431 secr.
628 380 651 430 1.
677 381 717 428 ur
740 378 866 429 rorrsr.
892 377 1017 428 accurs.

154 498 253 595 igitur
282 500 398 573 evitari
424 516 567 598 nequeat
592 497 793 597 disciplinae
824 493 983 569 relaxatio
1011 516 1071 596 per
1095 497 1250 573 eiusmod

152 613 451 702 consuetudinem,
480 639 662 714 numquam
694 611 911 713 praescriptio
930 612 1050 710 poterit
1076 637 1156 687 esse
1181 612 1250 712 legi

154 730 253 815 tima,
280 755 321 803 ac
347 730 401 803 ius
419 729 588 803 inducere.

224 844 394 918 lbsouum
412 861 522 918 autem
536 845 688 945 estquod
708 845 743 916 in
759 842 924 941 theologia
945 843 1121 918 nanciensi
1139 843 1250 920 adiici

152 975 205 1033 tur
229 960 272 1033 de
297 960 435 1035 sedibus
460 988 567 1060 nuper
590 961 734 1047 erectis,
762 959 851 1059 quod
880 985 947 1033 non
972 959 1081 1058 possit
1105 986 1250 1034 summm

153 1075 299 1173 pontifex
321 1075 482 1149 adversus
501 1103 559 1149 eas
588 1075 836 1174 praescribere,
862 1075 960 1173 quasi
986 1101 1105 1175 nempe
1130 1073 1250 1175 quaeli

101 1268 105 1277 ,
152 1188 207 1263 bet
230 1216 316 1265 nova
342 1192 440 1265 sedes
466 1219 486 1264 a
511 1193 583 1266 iura
615 1191 782 1265 communi
808 1191 967 1262 immunis
996 1190 1092 1264 iuret.
1122 1192 1173 1262 Ex
1198 1190 1250 1265 hor

151 1304 318 1404 principio
347 1323 607 1404 consequeretur
639 1305 673 1375 in
705 1304 801 1377 novis
834 1304 989 1378 omnibus
1018 1303 1250 1379 dioecesibus.

150 1445 237 1518 quae
262 1447 282 1494 a
308 1421 366 1494 Pio
389 1422 442 1494 vi.
474 1422 532 1495 Pio
557 1422 626 1492 Vll.
657 1422 766 1493 Leone
788 1420 862 1492 llll.
892 1419 1049 1516 Gregorio
1072 1419 1158 1491 xvi.
1186 1435 1250 1494 etr

152 1535 209 1608 Pio
230 1536 284 1607 ix.
310 1553 438 1610 erectae
455 1552 533 1610 sunt
551 1537 584 1608 in
603 1535 756 1608 Amerina
773 1535 969 1633 praesertim
989 1532 1244 1634 septentrionali

150 1650 184 1720 in
210 1652 344 1747 regione
361 1652 565 1739 canadensi,
593 1669 627 1724 et
643 1650 723 1723 alibi
743 1666 811 1722 tam
829 1674 949 1746 magno
962 1675 1120 1737 numero,
1140 1674 1250 1724 omues

149 1764 278 1836 illarum
305 1766 434 1838 sedium
462 1765 639 1864 episcopos
658 1790 760 1864 posse
782 1763 854 1835 iure
871 1763 1006 1863 proprio
1022 1761 1155 1838 ueniam
1178 1763 1250 1838 darr

149 1879 182 1948 in
206 1878 452 1979 impedimentis
471 1878 719 1953 dirimentibus.
743 1877 833 1951 ldem
852 1877 908 1950 dio
929 1877 971 1950 de
984 1878 1180 1978 episcopis,
1198 1879 1250 1980 qni

147 1994 189 2064 ad
216 1993 439 2068 hierarchiam
466 1994 632 2093 pertinent
658 2020 764 2092 nuper
794 1993 979 2065 restitutam
1006 2020 1026 2065 a
1051 1993 1111 2066 Pio
1139 1994 1195 2066 ix.
1224 1994 1250 2069 ir

148 2107 267 2206 Anglia
291 2126 324 2182 et
348 2110 382 2181 in
406 2109 608 2194 Hollandia;
644 2109 707 2182 hoc
731 2124 784 2181 est
808 2134 885 2180 vere
915 2107 1082 2208 desipere.
1115 2108 1250 2183 Domum

147 2222 232 2297 falso
256 2226 441 2298 assumitur
459 2225 511 2298 ius
539 2224 774 2298 reservationis
797 2224 831 2294 in
852 2249 935 2297 rom.
956 2223 1148 2324 pontificem
1170 2223 1250 2300 den'·

145 2341 215 2412 vari
237 2367 276 2413 ex
305 2341 398 2415 titulo
420 2341 713 2441 praescriptioniS,
743 2367 809 2413 non
834 2356 945 2413 autem
962 2366 1003 2413 ex
1019 2341 1170 2438 prr'rrtctu
1190 2344 1250 2442 qui

145 2456 304 2528 divinitus
317 2458 440 2554 gaudet
464 2458 497 2529 in
512 2456 687 2530 ecclesiam
706 2457 910 2528 universam.
940 2455 1014 2542 Quo
1039 2456 1250 2531 fundamento

146 2594 282 2653 everso,
308 2570 373 2641 ruit
397 2588 659 2669 superstructum
686 2570 889 2643 aedificium.

218 2684 362 2756 Tertium
393 2686 596 2783 principium
623 2686 830 2770 desumitur,
860 2704 896 2757 ut
922 2685 1115 2771 innuimus,
1142 2714 1182 2759 ex
1207 2687 1250 2760 di·

146 2797 323 2872 stinctione
341 2800 426 2872 inter
450 2801 738 2900 dispensationes,
760 2827 847 2899 quae
864 2801 1021 2873 dicuntur
1038 2829 1098 2900 per
1114 2804 1250 2899 pretiosa

145 2928 178 2984 ei
195 2939 253 2985 eas
277 2941 364 3013 quoe
383 2918 526 2988 iustitiae
550 2932 797 3015 nuncupantur.
820 2916 929 2988 Huius
948 2916 1178 2990 distinctionis
1196 2916 1250 3018 pri

145 3056 220 3102 mus
246 3030 449 3104 architectus
475 3049 507 3104 et
533 3032 686 3105 inventor
710 3033 817 3105 extitit
843 3031 989 3104 lloisius
1018 3031 1103 3104 hitta
1130 3033 1250 3107 medio

144 3146 305 3219 lanensis.
341 3148 435 3221 luxta
460 3148 552 3221 huno
585 3165 753 3221 auctorem
786 3147 956 3220 vinculum
988 3146 1073 3244 legis
1107 3148 1250 3223 relaxare

143 3288 185 3332 ec
201 3266 312 3358 pratia
327 3265 497 3365 proprium
516 3281 566 3337 est
579 3263 685 3337 solius
706 3262 927 3360 legislatoris,
943 3263 1095 3361 adeoque
1107 3264 1250 3362 supremi

144 3376 356 3474 imperantis;
372 3397 486 3452 contra
504 3406 582 3452 uero
602 3378 751 3452 relaxare
768 3405 807 3450 ex
825 3378 994 3476 aequitate
1006 3377 1250 3476 quodammodo

143 3548 168 3583 so
181 3550 210 3584 ne
224 3537 367 3588 concedesne
382 3539 509 3590 sarebbero
529 3543 592 3590 strue
603 3540 664 3590 assai
679 3540 720 3601 piir
740 3539 858 3601 irrqurnti
875 3537 900 3587 di
913 3543 1003 3601 quante
1019 3552 1050 3587 nir
1062 3539 1125 3588 iesse
1140 3553 1183 3602 per
1199 3538 1250 3590 deit

141 3615 196 3677 ogni
213 3616 278 3679 largo
297 3619 422 3681 pontefice.
435 3624 510 3670 senza
527 3621 588 3681 cire,
605 3619 715 3669 eziandio
735 3619 835 3668 incendo
852 3619 951 3681 rispeito
966 3619 1001 3667 ira
1015 3619 1071 3680 quei
1093 3619 1139 3668 che
1153 3632 1250 3682 pomona

142 3696 296 3759 dispensare,
313 3697 336 3747 d'
345 3712 393 3747 uuo
409 3713 455 3748 oon
469 3714 531 3761 uno;
545 3705 636 3762 quanio
650 3701 657 3748 i
671 3701 735 3762 pomi
747 3704 834 3748 stanno
845 3700 886 3761 piir
905 3700 929 3746 in
941 3700 991 3748 aito
1006 3712 1073 3748 ramo
1087 3698 1250 3761 ueil·a1terc;

142 3777 210 3825 iunio
223 3791 347 3827 mruoaou
363 3779 452 3830 colii.»
467 3783 496 3829 et
505 3793 557 3842 cap.
575 3783 604 3829 Χ.
617 3794 641 3828 n.
661 3789 695 3829 tt.
709 3780 741 3828 itu
754 3781 910 3842 prosequitur
925 3779 1147 3841 historiographus:
1163 3783 1250 3844 «sopra

141 3854 165 3902 ls
184 3856 297 3918 pubblica
312 3858 392 3908 utilit'a
402 3857 427 3908 di
443 3864 527 3921 questa
541 3859 716 3917 risarrazione,
728 3859 748 3906 si
761 3859 879 3907 ritornino
895 3856 945 3906 alia
961 3858 1077 3906 tuernoria
1088 3858 1096 3906 i
1109 3857 1189 3908 latiori
1201 3857 1250 3920 citi,

142 3935 187 3984 cim
197 3937 291 3987 altreio
306 3937 420 3988 abbiamo
438 3937 605 3988 considerato:
618 3942 710 4001 quanto
721 3939 743 3988 ia
753 3938 840 3988 chiave
854 3938 917 3986 dolie
932 3937 1134 4000 dispensatorie
1149 3937 1250 3989 inurant

141 4013 183 4074 piu
200 4012 301 4078 deboie,
317 4019 386 4066 iacto
402 4018 444 4081 piis
463 4019 636 4080 leggermenie,
648 4031 662 4066 e
672 4018 714 4079 piu
731 4031 814 4080 spesso
827 4020 933 4065 irarsene
945 4017 967 4066 ia
981 4018 1060 4078 gravia
1069 4031 1086 4065 o
1098 4030 1146 4066 cou
1163 4016 1250 4076 iarorl.

140 4104 155 4138 o
174 4105 220 4141 con
238 4095 379 4159 prouidere,
394 4111 409 4145 o
425 4110 471 4146 con
485 4097 580 4146 terrori.
602 4096 716 4160 Epercio
734 4096 798 4145 nelle
810 4095 950 4158 republiche
965 4096 1010 4145 ben
1028 4094 1140 4144 ordinate
1156 4096 1180 4145 Ιι
1192 4095 1250 4146 hebr

144 4175 181 4222 nei
200 4174 339 4238 dispensare
352 4178 375 4226 in
394 4192 450 4228 cose
461 4179 528 4241 graui
546 4178 600 4227 ruoi
622 4177 766 4240 ristrigncrsi
779 4178 801 4225 n'
814 4175 947 4238 rnagittrati
960 4176 1081 4238 supremi:
1099 4176 1105 4224 i
1125 4176 1194 4239 quali
1208 4175 1250 4227 tie·

142 4256 210 4309 tomo
228 4258 270 4321 piu
288 4259 529 4321 potenti,cosieono
549 4272 620 4308 meno
638 4257 789 4319 cicognaria
807 4270 861 4306 meu
879 4256 1008 4315 timcrcsi,
1027 4269 1041 4306 e
1057 4257 1116 4319 pero
1129 4255 1250 4319 goudium

140 4339 182 4401 piis
200 4337 376 4402 inespugnahiii
395 4338 460 4389 daile
478 4339 566 4400 leggia·
