2804 5062
195 387 1128 443 ur.u.nrusm.assasr.1nr.savancouaarmsaru.
1182 370 1251 443 205

149 508 207 594 xit,
235 533 275 580 ac
296 506 415 581 merito
432 507 635 606 peculiarem
654 508 870 582 attentionem
892 508 992 583 etiam
1010 508 1167 584 hocloco
1185 508 1252 584 sibi

147 620 297 695 vindicat.
328 621 609 722 impedimentum
635 622 798 696 dirimens
822 623 1102 698 clandestinitatis
1127 650 1168 699 eo
1195 625 1255 699 da-

145 753 226 811 creto
251 738 472 812 constitutum
495 765 536 812 ex
561 739 637 839 ipsa
662 737 886 813 declaratione
915 739 1049 813 concilii
1074 766 1142 814 non
1168 740 1255 815 obli·

143 870 189 950 gat
214 854 285 926 nisi
311 855 346 926 in
368 855 534 953 paroeciis
560 855 660 928 suerit
681 855 913 954 publicatum:
942 851 1023 927 hinc
1043 856 1255 929 matrimonia

144 995 200 1041 non
228 969 332 1042 modo
356 970 460 1043 mixta
485 986 519 1043 et
542 970 807 1058 haereticorum,
838 997 954 1043 verum
984 971 1084 1042 etiam
1111 969 1254 1043 catholi-

143 1110 277 1170 corum,
308 1110 349 1157 eo
371 1085 613 1185 impedimento
628 1112 695 1158 non
717 1101 872 1159 tenentur
890 1085 949 1159 ubi
968 1084 1149 1184 publicatio
1167 1110 1252 1185 qua·

143 1225 282 1298 cumque
301 1197 345 1272 de
362 1225 465 1273 causa
483 1199 570 1274 lacta
587 1226 654 1273 non
672 1199 782 1272 luerit.
812 1199 853 1272 At
870 1200 1024 1298 quaestio
1038 1215 1089 1272 est
1108 1198 1255 1298 implexa

144 1330 171 1387 et
185 1314 367 1388 salebrosa
386 1341 430 1387 an
454 1341 495 1389 eo
512 1315 753 1415 impedimento
779 1314 929 1389 invalida
953 1315 1083 1389 censeri
1108 1314 1253 1388 debeant

143 1429 352 1504 clandestina
368 1430 581 1505 matrimonia
594 1431 667 1504 sive
683 1432 787 1504 mixta
804 1431 876 1505 sive
894 1432 1136 1505 haereticorum
1154 1431 1197 1504 iis
1215 1431 1251 1502 in

141 1542 216 1618 loeis
241 1560 413 1619 contracta
434 1545 617 1646 inquibus
643 1546 860 1619 tridentinum
878 1546 1048 1620 decretum
1067 1547 1166 1619 luerit
1191 1571 1255 1644 pu·

144 1657 318 1749 ilicetum,
341 1676 375 1734 et
392 1662 427 1733 in
444 1661 569 1762 quibus
586 1663 687 1737 modo
703 1662 861 1736 haeretici
879 1661 932 1736 rel
949 1662 1182 1748 dominantur,
1198 1658 1251 1733 vel

145 1775 200 1848 snb
221 1777 437 1876 principibus
462 1779 563 1852 etiam
585 1778 767 1876 [catholicis
794 1804 874 1852 suos
902 1777 1027 1850 habent
1053 1778 1251 1863 ministros,

148 1916 268 1992 suaque
294 1893 445 1993 templa,
477 1919 518 1968 sc
543 1909 657 1969 coetus
683 1896 839 1995 propriae
856 1892 1101 1967 communionis
1119 1950 1128 1978 ,
1146 1906 1184 1964 ut
1199 1917 1255 1965 to

148 2023 231 2095 cant,
252 2007 478 2098 constituunt,
498 2010 652 2111 adeoque
671 2037 714 2084 ne
731 2010 914 2108 cogitantes
932 2007 1069 2109 quidem
1087 2007 1130 2081 de
1146 2006 1254 2081 lorme

149 2124 341 2211 tridentina,
363 2152 456 2199 more
472 2153 535 2201 sno
553 2128 670 2201 ineunt
686 2126 857 2224 coniugia.

210 2240 355 2314 Famosa
375 2258 428 2315 ost
450 2242 515 2317 hae
540 2243 576 2314 in
601 2243 827 2317 controversia
846 2241 1034 2314 Declaratio
1055 2259 1155 2340 atque
1171 2264 1252 2313 oon-

150 2357 251 2430 cessio
276 2357 450 2431 Benedicti
466 2358 549 2430 xlv.
571 2358 660 2432 circa
686 2359 900 2433 matrimonia
916 2357 1141 2445 Hellandiae,
1169 2381 1256 2456 quae

150 2469 218 2544 data
239 2470 305 2545 l'nit
321 2471 378 2546 die
398 2474 431 2545 l.
450 2474 610 2548 Novemb.
628 2501 684 2547 an.
703 2477 810 2547 llll.
830 2499 985 2575 quaeque
1011 2475 1061 2546 sic
1078 2500 1115 2546 se
1132 2471 1250 2546 habet:

153 2586 277 2673 «Quod
299 2587 418 2663 attinet
437 2589 482 2661 ad
499 2590 712 2664 matrimonia
729 2589 772 2663 ab
790 2590 970 2664 haereticis
995 2590 1082 2663 inter
1102 2616 1140 2663 so
1156 2589 1191 2660 in
1205 2587 1255 2663 lo-

150 2701 191 2776 cis
220 2703 468 2778 foederatorum
500 2705 655 2779 ordinum
689 2706 840 2780 dominio
869 2706 1030 2781 subiectis
1064 2705 1251 2792 celebrata,

149 2842 206 2891 non
233 2835 367 2894 servata
384 2819 490 2894 lorma
505 2848 566 2922 per
583 2820 802 2896 tridentinum
826 2823 1050 2923 praescripta,
1075 2821 1152 2895 licet
1175 2821 1256 2894 San·

148 2934 240 3008 ctitas
266 2947 331 3009 sna
349 2962 414 3009 non
442 2937 596 3035 ignoret,
623 2937 709 3012 alias
732 2938 766 3010 in
785 2938 921 3012 casibus
948 2937 1153 3038 quibusdam
1178 2963 1256 3036 par-

148 3049 354 3139 ticularibus,
370 3066 404 3124 et
415 3054 553 3128 attentis
567 3071 647 3128 tunc
659 3055 821 3155 expositis
834 3054 1108 3141 circumstantiis,
1126 3078 1256 3126 sacram

146 3167 434 3264 congregationem
468 3168 617 3243 concilii
632 3196 692 3269 pro
726 3196 841 3244 eorum
874 3167 1083 3243 invaliditatc
1117 3191 1256 3266 respon·

146 3281 235 3356 disse
252 3311 261 3369 ;
282 3308 390 3383 aeque
411 3294 535 3359 tamen'
548 3301 752 3386 compertum
779 3286 908 3358 habens
925 3343 934 3371 ,
954 3283 1040 3356 nihil
1065 3283 1177 3357 adhuc
1201 3309 1259 3379 ge·

145 3397 290 3471 neratim
315 3412 349 3470 et
366 3399 523 3472 universe
546 3410 648 3498 super
665 3398 831 3473 eiusmodi
851 3397 1073 3471 matrimoniis
1091 3396 1199 3469 luisse
1214 3395 1258 3469 ab

143 3512 330 3612 apostoliea
361 3514 442 3588 sede
468 3501 669 3603 delinitum,
698 3532 730 3589 et
759 3514 910 3616 alioquin
939 3530 1091 3613 oportere
1123 3512 1259 3586 omnino

143 3625 183 3699 ad
200 3627 449 3702 consulendum
463 3628 631 3703 universis
650 3629 808 3704 fidelibus
826 3631 862 3703 in
880 3630 923 3702 iis
940 3629 1024 3703 loeis
1042 3626 1255 3726 degentibus,

143 3756 174 3814 et
195 3741 295 3842 plura
313 3744 495 3817 avertenda
515 3745 717 3842 gravissima
735 3743 947 3818 incommoda
965 3802 972 3831 ,
997 3743 1080 3844 quid
1097 3739 1259 3840 generali·

144 3872 192 3930 ter
219 3858 265 3930 de
289 3857 385 3932 hisce
409 3861 633 3934 matrimoniis
659 3861 865 3935 censendum
891 3861 959 3947 sit,
987 3859 1181 3945 declarare3
1202 3883 1261 3930 ne-

145 3974 233 4068 gotio
260 3989 390 4047 mature
418 4002 605 4074 perpenso,
636 3976 862 4076 omnibusque
887 3976 1053 4049 rationum
1082 3973 1260 4047 momentis

145 4086 223 4161 hinc
251 4088 332 4161 inde
350 4089 469 4165 sedulo
492 4091 649 4181 libratis,
678 4093 884 4178 declaravit,
913 4091 1120 4192 statuitque,
1149 4088 1262 4162 matri·

149 4205 258 4277 monia
284 4205 320 4276 in
346 4206 446 4280 dictis
472 4207 652 4282 foederatis
678 4208 783 4307 Belgii
810 4208 993 4308 provinciis
1017 4208 1104 4281 inter
1120 4205 1263 4279 haereti·

155 4341 205 4391 cos
229 4320 460 4419 usquemodo
484 4338 678 4412 contracta,
701 4350 857 4424 quaeque
876 4323 911 4395 in
935 4341 1107 4425 posterum
1132 4338 1261 4397 contra-
