<?xml version="1.0" encoding="UTF-8"?>
<!DOCTYPE html PUBLIC "-//W3C//DTD XHTML 1.0 Transitional//EN"
    "http://www.w3.org/TR/xhtml1/DTD/xhtml1-transitional.dtd">
<html xmlns="http://www.w3.org/1999/xhtml" xml:lang="en" lang="en">
 <head>
  <title>
</title>
<meta http-equiv="Content-Type" content="text/html;charset=utf-8" />
  <meta name='ocr-system' content='tesseract 3.04.00' />
  <meta name='ocr-capabilities' content='ocr_page ocr_carea ocr_par ocr_line ocrx_word'/>
</head>
<body>
  <div class='ocr_page' id='page_1' title='image "./dematrimoniochr02perrgoog_0049.png"; bbox 0 0 2804 5062; ppageno 0'>
   <div class='ocr_carea' id='block_1_1' title="bbox 145 351 1052 428">
    <p class='ocr_par' dir='ltr' id='par_1_1' title="bbox 145 351 1052 428">
     <span class='ocr_line' id='line_1_1' title="bbox 145 351 1052 428; baseline -0.012 3"><span class='ocrx_word' id='word_1_1' title='bbox 145 351 188 423; x_wconf 72' lang='lat'><strong>12</strong></span> <span class='ocrx_word' id='word_1_2' title='bbox 382 371 1004 428; x_wconf 54' lang='lat' dir='ltr'><strong>crs.1r·.sscr.1.¹urrorssr.menes.</strong></span> <span class='ocrx_word' id='word_1_3' title='bbox 1050 414 1052 418; x_wconf 21' lang='lat'><em>⁴</em></span> 
     </span>
    </p>
   </div>
   <div class='ocr_carea' id='block_1_2' title="bbox 97 490 1263 2894">
    <p class='ocr_par' dir='ltr' id='par_1_2' title="bbox 142 490 1248 706">
     <span class='ocr_line' id='line_1_2' title="bbox 142 490 1248 590; baseline -0.004 -24"><span class='ocrx_word' id='word_1_4' title='bbox 142 492 249 590; x_wconf 80' lang='lat' dir='ltr'><strong>gressi</strong></span> <span class='ocrx_word' id='word_1_5' title='bbox 271 510 350 566; x_wconf 90' lang='lat' dir='ltr'><strong>sunt</strong></span> <span class='ocrx_word' id='word_1_6' title='bbox 373 492 429 566; x_wconf 87' lang='lat' dir='ltr'><strong>cll.</strong></span> <span class='ocrx_word' id='word_1_7' title='bbox 457 493 597 566; x_wconf 78' lang='lat' dir='ltr'><strong>dudisio</strong></span> <span class='ocrx_word' id='word_1_8' title='bbox 620 493 709 588; x_wconf 89' lang='grc'>(28),</span> <span class='ocrx_word' id='word_1_9' title='bbox 733 490 882 564; x_wconf 85' lang='lat' dir='ltr'><strong>Rosmini</strong></span> <span class='ocrx_word' id='word_1_10' title='bbox 902 490 1030 564; x_wconf 89' lang='lat' dir='ltr'><strong>Serbati</strong></span> <span class='ocrx_word' id='word_1_11' title='bbox 1054 493 1147 587; x_wconf 76' lang='grc'>(22),</span> <span class='ocrx_word' id='word_1_12' title='bbox 1172 494 1248 566; x_wconf 62' lang='lat' dir='ltr'><strong>lac„</strong></span> 
     </span>
     <span class='ocr_line' id='line_1_3' title="bbox 142 608 776 706; baseline -0.006 -25"><span class='ocrx_word' id='word_1_13' title='bbox 142 608 295 705; x_wconf 77' lang='lat' dir='ltr'><strong>Margotti</strong></span> <span class='ocrx_word' id='word_1_14' title='bbox 323 610 412 703; x_wconf 75' lang='lat'><strong>(30),</strong></span> <span class='ocrx_word' id='word_1_15' title='bbox 436 625 470 681; x_wconf 87' lang='lat' dir='ltr'><strong>et</strong></span> <span class='ocrx_word' id='word_1_16' title='bbox 486 608 660 706; x_wconf 80' lang='lat' dir='ltr'><strong>dvogadro</strong></span> <span class='ocrx_word' id='word_1_17' title='bbox 688 610 776 703; x_wconf 90' lang='grc'>(31).</span> 
     </span>
    </p>

    <p class='ocr_par' dir='ltr' id='par_1_3' title="bbox 97 722 1263 2894">
     <span class='ocr_line' id='line_1_4' title="bbox 149 722 1263 825; baseline 0.004 -31"><span class='ocrx_word' id='word_1_18' title='bbox 149 767 154 776; x_wconf 91' lang='lat'><strong>·</strong></span> <span class='ocrx_word' id='word_1_19' title='bbox 216 724 364 797; x_wconf 86' lang='lat' dir='ltr'><strong>Eeensu</strong></span> <span class='ocrx_word' id='word_1_20' title='bbox 381 749 512 811; x_wconf 89' lang='lat' dir='ltr'><strong>eorum,</strong></span> <span class='ocrx_word' id='word_1_21' title='bbox 535 725 594 825; x_wconf 89' lang='lat' dir='ltr'><strong>qui</strong></span> <span class='ocrx_word' id='word_1_22' title='bbox 620 724 857 824; x_wconf 80' lang='lat' dir='ltr'>impugnarunt</span> <span class='ocrx_word' id='word_1_23' title='bbox 874 722 1136 797; x_wconf 86' lang='lat' dir='ltr'><strong>ecelesiasticam</strong></span> <span class='ocrx_word' id='word_1_24' title='bbox 1160 741 1263 823; x_wconf 90' lang='lat' dir='ltr'><strong>pote-</strong></span> 
     </span>
     <span class='ocr_line' id='line_1_5' title="bbox 143 835 1257 936; baseline 0.004 -27"><span class='ocrx_word' id='word_1_25' title='bbox 143 851 262 909; x_wconf 88' lang='lat' dir='ltr'><strong>statem</strong></span> <span class='ocrx_word' id='word_1_26' title='bbox 281 862 454 911; x_wconf 75' lang='lat' dir='ltr'><strong>secernere</strong></span> <span class='ocrx_word' id='word_1_27' title='bbox 466 864 603 936; x_wconf 83' lang='lat' dir='ltr'><strong>prorsus</strong></span> <span class='ocrx_word' id='word_1_28' title='bbox 616 838 776 911; x_wconf 88' lang='lat' dir='ltr'><strong>debemus</strong></span> <span class='ocrx_word' id='word_1_29' title='bbox 794 835 975 910; x_wconf 89' lang='lat' dir='ltr'><strong>catholicos</strong></span> <span class='ocrx_word' id='word_1_30' title='bbox 989 835 1066 911; x_wconf 86' lang='lat' dir='ltr'><strong>iilos</strong></span> <span class='ocrx_word' id='word_1_31' title='bbox 1079 854 1257 925; x_wconf 80' lang='lat' dir='ltr'><strong>auctores,</strong></span> 
     </span>
     <span class='ocr_line' id='line_1_6' title="bbox 143 951 1262 1052; baseline 0.002 -28"><span class='ocrx_word' id='word_1_32' title='bbox 143 952 202 1051; x_wconf 93' lang='lat' dir='ltr'><strong>qui</strong></span> <span class='ocrx_word' id='word_1_33' title='bbox 230 978 303 1025; x_wconf 90' lang='lat' dir='ltr'><strong>eam</strong></span> <span class='ocrx_word' id='word_1_34' title='bbox 333 952 470 1052; x_wconf 91' lang='lat' dir='ltr'><strong>quidem</strong></span> <span class='ocrx_word' id='word_1_35' title='bbox 498 952 725 1026; x_wconf 91' lang='lat' dir='ltr'><strong>dirimentium</strong></span> <span class='ocrx_word' id='word_1_36' title='bbox 755 951 1066 1052; x_wconf 78' lang='lat' dir='ltr'><strong>impedimentorum</strong></span> <span class='ocrx_word' id='word_1_37' title='bbox 1098 953 1262 1026; x_wconf 88' lang='lat' dir='ltr'><strong>sancien-</strong></span> 
     </span>
     <span class='ocr_line' id='line_1_7' title="bbox 144 1067 1260 1168; baseline 0.002 -29"><span class='ocrx_word' id='word_1_38' title='bbox 144 1068 261 1141; x_wconf 92' lang='lat' dir='ltr'><strong>dorum</strong></span> <span class='ocrx_word' id='word_1_39' title='bbox 291 1084 487 1167; x_wconf 88' lang='lat' dir='ltr'><strong>potestatem</strong></span> <span class='ocrx_word' id='word_1_40' title='bbox 510 1069 597 1142; x_wconf 86' lang='lat' dir='ltr'><strong>ultro</strong></span> <span class='ocrx_word' id='word_1_41' title='bbox 619 1067 782 1143; x_wconf 88' lang='lat' dir='ltr'><strong>eeclesiae</strong></span> <span class='ocrx_word' id='word_1_42' title='bbox 808 1067 980 1155; x_wconf 89' lang='lat' dir='ltr'><strong>tribuunt,</strong></span> <span class='ocrx_word' id='word_1_43' title='bbox 1009 1093 1152 1168; x_wconf 89' lang='lat' dir='ltr'><strong>eamque</strong></span> <span class='ocrx_word' id='word_1_44' title='bbox 1179 1093 1260 1168; x_wconf 84' lang='lat' dir='ltr'><strong>pro-</strong></span> 
     </span>
     <span class='ocr_line' id='line_1_8' title="bbox 144 1183 1260 1284; baseline 0.001 -30"><span class='ocrx_word' id='word_1_45' title='bbox 144 1183 270 1280; x_wconf 81' lang='lat' dir='ltr'><strong>priam,</strong></span> <span class='ocrx_word' id='word_1_46' title='bbox 300 1183 447 1256; x_wconf 78' lang='lat' dir='ltr'><strong>nativam</strong></span> <span class='ocrx_word' id='word_1_47' title='bbox 468 1209 508 1259; x_wconf 89' lang='lat' dir='ltr'><strong>ac</strong></span> <span class='ocrx_word' id='word_1_48' title='bbox 529 1184 764 1282; x_wconf 75' lang='lat' dir='ltr'><strong>originariam,</strong></span> <span class='ocrx_word' id='word_1_49' title='bbox 797 1199 940 1256; x_wconf 88' lang='lat' dir='ltr'><strong>attamen</strong></span> <span class='ocrx_word' id='word_1_50' title='bbox 970 1183 1110 1256; x_wconf 89' lang='lat' dir='ltr'><strong>eandem</strong></span> <span class='ocrx_word' id='word_1_51' title='bbox 1128 1183 1260 1284; x_wconf 87' lang='lat' dir='ltr'><strong>pariter</strong></span> 
     </span>
     <span class='ocr_line' id='line_1_9' title="bbox 144 1299 1256 1398; baseline 0.004 -29"><span class='ocrx_word' id='word_1_52' title='bbox 144 1300 244 1371; x_wconf 89' lang='lat' dir='ltr'><strong>etiam</strong></span> <span class='ocrx_word' id='word_1_53' title='bbox 262 1301 351 1373; x_wconf 88' lang='lat' dir='ltr'><strong>circa</strong></span> <span class='ocrx_word' id='word_1_54' title='bbox 367 1301 523 1398; x_wconf 76' lang='lat' dir='ltr'><strong>coniugia</strong></span> <span class='ocrx_word' id='word_1_55' title='bbox 538 1300 796 1374; x_wconf 86' lang='lat' dir='ltr'><strong>christianorum</strong></span> <span class='ocrx_word' id='word_1_56' title='bbox 818 1324 1027 1373; x_wconf 92' lang='lat' dir='ltr'><strong>communem</strong></span> <span class='ocrx_word' id='word_1_57' title='bbox 1046 1299 1174 1373; x_wconf 76' lang='lat' dir='ltr'><strong>iaciunt</strong></span> <span class='ocrx_word' id='word_1_58' title='bbox 1199 1325 1256 1373; x_wconf 86' lang='lat' dir='ltr'><strong>se-</strong></span> 
     </span>
     <span class='ocr_line' id='line_1_10' title="bbox 143 1414 1254 1517; baseline 0.003 -30"><span class='ocrx_word' id='word_1_59' title='bbox 143 1414 313 1490; x_wconf 88' lang='lat' dir='ltr'><strong>cularibus</strong></span> <span class='ocrx_word' id='word_1_60' title='bbox 346 1417 568 1517; x_wconf 88' lang='lat' dir='ltr'><strong>principibus.</strong></span> <span class='ocrx_word' id='word_1_61' title='bbox 597 1419 685 1490; x_wconf 91' lang='lat' dir='ltr'><strong>luter</strong></span> <span class='ocrx_word' id='word_1_62' title='bbox 709 1443 795 1516; x_wconf 91' lang='lat' dir='ltr'><strong>quos</strong></span> <span class='ocrx_word' id='word_1_63' title='bbox 819 1433 871 1490; x_wconf 90' lang='lat' dir='ltr'><strong>est</strong></span> <span class='ocrx_word' id='word_1_64' title='bbox 894 1416 1065 1501; x_wconf 75' lang='lat' dir='ltr'><strong>semeher,</strong></span> <span class='ocrx_word' id='word_1_65' title='bbox 1093 1416 1153 1514; x_wconf 90' lang='lat' dir='ltr'><strong>qui</strong></span> <span class='ocrx_word' id='word_1_66' title='bbox 1186 1432 1254 1490; x_wconf 89' lang='lat' dir='ltr'><strong>sta·</strong></span> 
     </span>
     <span class='ocr_line' id='line_1_11' title="bbox 144 1529 1252 1631; baseline 0.004 -31"><span class='ocrx_word' id='word_1_67' title='bbox 144 1529 207 1600; x_wconf 90' lang='lat' dir='ltr'><strong>tuit</strong></span> <span class='ocrx_word' id='word_1_68' title='bbox 233 1556 367 1630; x_wconf 79' lang='lat' dir='ltr'><strong>«posse</strong></span> <span class='ocrx_word' id='word_1_69' title='bbox 385 1531 571 1631; x_wconf 88' lang='lat' dir='ltr'><strong>principem</strong></span> <span class='ocrx_word' id='word_1_70' title='bbox 598 1531 781 1605; x_wconf 88' lang='lat' dir='ltr'><strong>secularem</strong></span> <span class='ocrx_word' id='word_1_71' title='bbox 801 1557 844 1603; x_wconf 80' lang='lat' dir='ltr'><strong>ee</strong></span> <span class='ocrx_word' id='word_1_72' title='bbox 859 1556 973 1628; x_wconf 70' lang='lat' dir='ltr'><strong>pestere</strong></span> <span class='ocrx_word' id='word_1_73' title='bbox 990 1544 1022 1601; x_wconf 85' lang='lat' dir='ltr'><strong>et</strong></span> <span class='ocrx_word' id='word_1_74' title='bbox 1036 1544 1158 1602; x_wconf 81' lang='lat' dir='ltr'><strong>notura</strong></span> <span class='ocrx_word' id='word_1_75' title='bbox 1173 1555 1252 1604; x_wconf 77' lang='grc'>2222</span> 
     </span>
     <span class='ocr_line' id='line_1_12' title="bbox 140 1644 1250 1745; baseline 0 -29"><span class='ocrx_word' id='word_1_76' title='bbox 140 1649 311 1742; x_wconf 82' lang='lat' dir='ltr'><strong>potestatis</strong></span> <span class='ocrx_word' id='word_1_77' title='bbox 328 1646 531 1720; x_wconf 86' lang='lat' dir='ltr'><strong>matrimonii</strong></span> <span class='ocrx_word' id='word_1_78' title='bbox 550 1646 789 1745; x_wconf 88' lang='lat' dir='ltr'><strong>impedimenta</strong></span> <span class='ocrx_word' id='word_1_79' title='bbox 805 1644 997 1718; x_wconf 89' lang='lat' dir='ltr'><strong>dirimentia</strong></span> <span class='ocrx_word' id='word_1_80' title='bbox 1010 1644 1168 1718; x_wconf 86' lang='lat' dir='ltr'><strong>fidelibus</strong></span> <span class='ocrx_word' id='word_1_81' title='bbox 1185 1645 1250 1719; x_wconf 89' lang='lat' dir='ltr'><strong>sibi</strong></span> 
     </span>
     <span class='ocr_line' id='line_1_13' title="bbox 145 1757 1253 1859; baseline 0.003 -27"><span class='ocrx_word' id='word_1_82' title='bbox 145 1757 314 1847; x_wconf 85' lang='lat' dir='ltr'><strong>subditis,</strong></span> <span class='ocrx_word' id='word_1_83' title='bbox 343 1787 383 1834; x_wconf 85' lang='lat' dir='ltr'><strong>ex</strong></span> <span class='ocrx_word' id='word_1_84' title='bbox 411 1761 499 1834; x_wconf 91' lang='lat' dir='ltr'><strong>iusta</strong></span> <span class='ocrx_word' id='word_1_85' title='bbox 521 1786 624 1835; x_wconf 88' lang='lat' dir='ltr'><strong>causa</strong></span> <span class='ocrx_word' id='word_1_86' title='bbox 648 1760 720 1834; x_wconf 90' lang='lat' dir='ltr'><strong>suis</strong></span> <span class='ocrx_word' id='word_1_87' title='bbox 745 1759 877 1857; x_wconf 79' lang='lat' dir='ltr'><strong>legibus</strong></span> <span class='ocrx_word' id='word_1_88' title='bbox 899 1759 1070 1846; x_wconf 91' lang='lat' dir='ltr'><strong>indicere,</strong></span> <span class='ocrx_word' id='word_1_89' title='bbox 1098 1785 1139 1833; x_wconf 89' lang='lat' dir='ltr'><strong>eo</strong></span> <span class='ocrx_word' id='word_1_90' title='bbox 1156 1776 1253 1859; x_wconf 84' lang='lat' dir='ltr'><strong>paeto</strong></span> 
     </span>
     <span class='ocr_line' id='line_1_14' title="bbox 144 1873 1254 1975; baseline 0 -29"><span class='ocrx_word' id='word_1_91' title='bbox 144 1900 214 1973; x_wconf 93' lang='lat' dir='ltr'><strong>quo</strong></span> <span class='ocrx_word' id='word_1_92' title='bbox 234 1874 269 1946; x_wconf 91' lang='lat' dir='ltr'><strong>id</strong></span> <span class='ocrx_word' id='word_1_93' title='bbox 292 1875 442 1949; x_wconf 83' lang='lat' dir='ltr'><strong>Pontifex</strong></span> <span class='ocrx_word' id='word_1_94' title='bbox 461 1902 613 1950; x_wconf 88' lang='lat' dir='ltr'><strong>summus</strong></span> <span class='ocrx_word' id='word_1_95' title='bbox 634 1891 743 1975; x_wconf 87' lang='lat' dir='ltr'><strong>potest</strong></span> <span class='ocrx_word' id='word_1_96' title='bbox 769 1877 857 1970; x_wconf 90' lang='grc'>(32).</span> <span class='ocrx_word' id='word_1_97' title='bbox 875 1903 893 1944; x_wconf 73' lang='lat' dir='ltr'><strong>a</strong></span> <span class='ocrx_word' id='word_1_98' title='bbox 909 1873 1044 1946; x_wconf 85' lang='lat' dir='ltr'><strong>Limitat</strong></span> <span class='ocrx_word' id='word_1_99' title='bbox 1059 1889 1171 1946; x_wconf 65' lang='lat' dir='ltr'><strong>umen</strong></span> <span class='ocrx_word' id='word_1_100' title='bbox 1196 1874 1254 1946; x_wconf 91' lang='lat' dir='ltr'><strong>im·</strong></span> 
     </span>
     <span class='ocr_line' id='line_1_15' title="bbox 146 1988 1252 2086; baseline -0.003 -25"><span class='ocrx_word' id='word_1_101' title='bbox 146 1990 294 2063; x_wconf 87' lang='lat' dir='ltr'><strong>mediate</strong></span> <span class='ocrx_word' id='word_1_102' title='bbox 312 1991 487 2065; x_wconf 89' lang='lat' dir='ltr'><strong>subdens:</strong></span> <span class='ocrx_word' id='word_1_103' title='bbox 513 1991 612 2063; x_wconf 83' lang='lat' dir='ltr'><strong>«nisi</strong></span> <span class='ocrx_word' id='word_1_104' title='bbox 638 1990 703 2063; x_wconf 90' lang='lat' dir='ltr'><strong>sibi</strong></span> <span class='ocrx_word' id='word_1_105' title='bbox 729 1989 915 2085; x_wconf 81' lang='lat' dir='ltr'><strong>(Pontifex)</strong></span> <span class='ocrx_word' id='word_1_106' title='bbox 945 1988 1032 2060; x_wconf 88' lang='lat' dir='ltr'><strong>hauc</strong></span> <span class='ocrx_word' id='word_1_107' title='bbox 1056 2003 1252 2086; x_wconf 88' lang='lat' dir='ltr'><strong>potestatem</strong></span> 
     </span>
     <span class='ocr_line' id='line_1_16' title="bbox 145 2104 1255 2206; baseline -0.004 -28"><span class='ocrx_word' id='word_1_108' title='bbox 145 2121 393 2180; x_wconf 80' lang='lat' dir='ltr'><strong>reservasset.»</strong></span> <span class='ocrx_word' id='word_1_109' title='bbox 406 2106 513 2206; x_wconf 79' lang='lat' dir='ltr'><strong>Atque</strong></span> <span class='ocrx_word' id='word_1_110' title='bbox 531 2106 595 2180; x_wconf 90' lang='lat' dir='ltr'><strong>hae</strong></span> <span class='ocrx_word' id='word_1_111' title='bbox 612 2107 687 2205; x_wconf 89' lang='lat' dir='ltr'><strong>ipsa</strong></span> <span class='ocrx_word' id='word_1_112' title='bbox 699 2105 742 2180; x_wconf 88' lang='lat' dir='ltr'><strong>de</strong></span> <span class='ocrx_word' id='word_1_113' title='bbox 759 2130 862 2179; x_wconf 92' lang='lat' dir='ltr'><strong>causa</strong></span> <span class='ocrx_word' id='word_1_114' title='bbox 874 2104 990 2177; x_wconf 82' lang='lat' dir='ltr'><strong>statuit</strong></span> <span class='ocrx_word' id='word_1_115' title='bbox 1005 2132 1022 2174; x_wconf 83' lang='lat' dir='ltr'><strong>r</strong></span> <span class='ocrx_word' id='word_1_116' title='bbox 1038 2129 1104 2176; x_wconf 93' lang='lat' dir='ltr'><strong>non</strong></span> <span class='ocrx_word' id='word_1_117' title='bbox 1117 2128 1194 2177; x_wconf 88' lang='lat' dir='ltr'><strong>esse</strong></span> <span class='ocrx_word' id='word_1_118' title='bbox 1207 2104 1255 2175; x_wconf 90' lang='lat' dir='ltr'><strong>iu·</strong></span> 
     </span>
     <span class='ocr_line' id='line_1_17' title="bbox 148 2217 1255 2321; baseline 0 -28"><span class='ocrx_word' id='word_1_119' title='bbox 148 2237 276 2318; x_wconf 80' lang='lat' dir='ltr'><strong>tegrum</strong></span> <span class='ocrx_word' id='word_1_120' title='bbox 292 2221 393 2295; x_wconf 90' lang='lat' dir='ltr'><strong>hodie</strong></span> <span class='ocrx_word' id='word_1_121' title='bbox 406 2223 551 2321; x_wconf 84' lang='lat' dir='ltr'><strong>principi</strong></span> <span class='ocrx_word' id='word_1_122' title='bbox 564 2221 708 2295; x_wconf 85' lang='lat' dir='ltr'><strong>seculari</strong></span> <span class='ocrx_word' id='word_1_123' title='bbox 726 2219 817 2294; x_wconf 84' lang='lat' dir='ltr'><strong>fideii</strong></span> <span class='ocrx_word' id='word_1_124' title='bbox 831 2219 1011 2319; x_wconf 86' lang='lat' dir='ltr'><strong>disponere</strong></span> <span class='ocrx_word' id='word_1_125' title='bbox 1024 2217 1153 2318; x_wconf 87' lang='lat' dir='ltr'><strong>aliquid</strong></span> <span class='ocrx_word' id='word_1_126' title='bbox 1166 2218 1255 2293; x_wconf 78' lang='lat' dir='ltr'><strong>eires</strong></span> 
     </span>
     <span class='ocr_line' id='line_1_18' title="bbox 146 2332 1251 2436; baseline -0.005 -28"><span class='ocrx_word' id='word_1_127' title='bbox 146 2337 360 2410; x_wconf 92' lang='lat' dir='ltr'><strong>matrimonia</strong></span> <span class='ocrx_word' id='word_1_128' title='bbox 386 2337 536 2410; x_wconf 86' lang='lat' dir='ltr'><strong>fidelium</strong></span> <span class='ocrx_word' id='word_1_129' title='bbox 561 2335 776 2436; x_wconf 90' lang='lat' dir='ltr'><strong>impedienda</strong></span> <span class='ocrx_word' id='word_1_130' title='bbox 801 2350 859 2407; x_wconf 91' lang='lat' dir='ltr'><strong>aut</strong></span> <span class='ocrx_word' id='word_1_131' title='bbox 883 2332 1101 2407; x_wconf 73' lang='lat' dir='ltr'><strong>dissoluenda</strong></span> <span class='ocrx_word' id='word_1_132' title='bbox 1128 2334 1251 2428; x_wconf 80' lang='grc'>(33).»</span> 
     </span>
     <span class='ocr_line' id='line_1_19' title="bbox 97 2447 1256 2552; baseline 0 -32"><span class='ocrx_word' id='word_1_133' title='bbox 97 2516 99 2520; x_wconf 44' lang='grc'>.</span> <span class='ocrx_word' id='word_1_134' title='bbox 146 2451 242 2526; x_wconf 85' lang='lat' dir='ltr'><strong>Hanc</strong></span> <span class='ocrx_word' id='word_1_135' title='bbox 253 2453 365 2552; x_wconf 90' lang='lat' dir='ltr'><strong>ipsam</strong></span> <span class='ocrx_word' id='word_1_136' title='bbox 382 2452 581 2526; x_wconf 86' lang='lat' dir='ltr'><strong>sententiam</strong></span> <span class='ocrx_word' id='word_1_137' title='bbox 596 2450 750 2549; x_wconf 73' lang='lat' dir='ltr'><strong>pluribus</strong></span> <span class='ocrx_word' id='word_1_138' title='bbox 768 2450 921 2523; x_wconf 84' lang='lat' dir='ltr'><strong>evincere</strong></span> <span class='ocrx_word' id='word_1_139' title='bbox 937 2448 1097 2522; x_wconf 86' lang='lat' dir='ltr'><strong>connisus</strong></span> <span class='ocrx_word' id='word_1_140' title='bbox 1111 2465 1165 2521; x_wconf 89' lang='lat' dir='ltr'><strong>est</strong></span> <span class='ocrx_word' id='word_1_141' title='bbox 1181 2447 1256 2522; x_wconf 73' lang='lat' dir='ltr'><strong>Gar</strong></span> 
     </span>
     <span class='ocr_line' id='line_1_20' title="bbox 146 2561 1256 2662; baseline -0.001 -26"><span class='ocrx_word' id='word_1_142' title='bbox 146 2562 311 2652; x_wconf 86' lang='lat' dir='ltr'><strong>baesius,</strong></span> <span class='ocrx_word' id='word_1_143' title='bbox 346 2592 386 2638; x_wconf 89' lang='lat' dir='ltr'><strong>ac</strong></span> <span class='ocrx_word' id='word_1_144' title='bbox 421 2565 488 2638; x_wconf 86' lang='lat' dir='ltr'><strong>lete</strong></span> <span class='ocrx_word' id='word_1_145' title='bbox 519 2565 720 2651; x_wconf 81' lang='lat' dir='ltr'><strong>extendere,</strong></span> <span class='ocrx_word' id='word_1_146' title='bbox 757 2563 893 2662; x_wconf 75' lang='lat' dir='ltr'><strong>dempta</strong></span> <span class='ocrx_word' id='word_1_147' title='bbox 924 2561 1100 2636; x_wconf 85' lang='lat' dir='ltr'><strong>Sanehezii</strong></span> <span class='ocrx_word' id='word_1_148' title='bbox 1134 2561 1256 2635; x_wconf 86' lang='lat' dir='ltr'><strong>limitu-</strong></span> 
     </span>
     <span class='ocr_line' id='line_1_21' title="bbox 147 2677 1255 2777; baseline -0.001 -29"><span class='ocrx_word' id='word_1_149' title='bbox 147 2677 237 2750; x_wconf 89' lang='lat' dir='ltr'><strong>tione</strong></span> <span class='ocrx_word' id='word_1_150' title='bbox 272 2680 361 2773; x_wconf 80' lang='grc'>(34).</span> <span class='ocrx_word' id='word_1_151' title='bbox 391 2681 507 2752; x_wconf 89' lang='lat' dir='ltr'><strong>Petrus</strong></span> <span class='ocrx_word' id='word_1_152' title='bbox 537 2679 614 2753; x_wconf 87' lang='lat' dir='ltr'><strong>Soto</strong></span> <span class='ocrx_word' id='word_1_153' title='bbox 645 2679 759 2752; x_wconf 90' lang='lat' dir='ltr'><strong>docuit</strong></span> <span class='ocrx_word' id='word_1_154' title='bbox 788 2704 889 2777; x_wconf 90' lang='lat' dir='ltr'><strong>posse</strong></span> <span class='ocrx_word' id='word_1_155' title='bbox 913 2677 1050 2777; x_wconf 88' lang='lat' dir='ltr'><strong>quidem</strong></span> <span class='ocrx_word' id='word_1_156' title='bbox 1083 2677 1255 2776; x_wconf 85' lang='lat' dir='ltr'><strong>principes</strong></span> 
     </span>
     <span class='ocr_line' id='line_1_22' title="bbox 148 2791 1251 2894; baseline -0.001 -30"><span class='ocrx_word' id='word_1_157' title='bbox 148 2793 284 2893; x_wconf 90' lang='lat' dir='ltr'><strong>proprio</strong></span> <span class='ocrx_word' id='word_1_158' title='bbox 311 2794 383 2866; x_wconf 90' lang='lat' dir='ltr'><strong>iure</strong></span> <span class='ocrx_word' id='word_1_159' title='bbox 410 2809 554 2868; x_wconf 87' lang='lat' dir='ltr'><strong>statuere</strong></span> <span class='ocrx_word' id='word_1_160' title='bbox 579 2793 622 2867; x_wconf 91' lang='lat' dir='ltr'><strong>de</strong></span> <span class='ocrx_word' id='word_1_161' title='bbox 639 2793 887 2894; x_wconf 88' lang='lat' dir='ltr'><strong>impedimentis</strong></span> <span class='ocrx_word' id='word_1_162' title='bbox 906 2793 1077 2866; x_wconf 90' lang='lat' dir='ltr'><strong>irritandis</strong></span> <span class='ocrx_word' id='word_1_163' title='bbox 1094 2791 1147 2865; x_wconf 82' lang='lat' dir='ltr'><strong>vel</strong></span> <span class='ocrx_word' id='word_1_164' title='bbox 1165 2818 1251 2878; x_wconf 91' lang='lat' dir='ltr'><strong>uou;</strong></span> 
     </span>
    </p>
   </div>
   <div class='ocr_carea' id='block_1_3' title="bbox 144 3053 1260 3582">
    <p class='ocr_par' dir='ltr' id='par_1_4' title="bbox 145 3053 1255 3437">
     <span class='ocr_line' id='line_1_23' title="bbox 211 3053 1255 3118; baseline 0.001 -15"><span class='ocrx_word' id='word_1_165' title='bbox 211 3053 264 3116; x_wconf 85' lang='grc'>(22)</span> <span class='ocrx_word' id='word_1_166' title='bbox 279 3055 307 3102; x_wconf 82' lang='lat' dir='ltr'><strong>ln</strong></span> <span class='ocrx_word' id='word_1_167' title='bbox 324 3068 364 3116; x_wconf 88' lang='lat' dir='ltr'><strong>op</strong></span> <span class='ocrx_word' id='word_1_168' title='bbox 380 3055 508 3112; x_wconf 80' lang='lat' dir='ltr'><strong>Quttttont</strong></span> <span class='ocrx_word' id='word_1_169' title='bbox 523 3053 698 3118; x_wconf 63' lang='lat' dir='ltr'><strong>politicae-11</strong></span> <span class='ocrx_word' id='word_1_170' title='bbox 719 3056 887 3105; x_wconf 69' lang='lat' dir='ltr'><strong>mosomense</strong></span> <span class='ocrx_word' id='word_1_171' title='bbox 904 3066 918 3104; x_wconf 88' lang='grc'><strong>2</strong></span> <span class='ocrx_word' id='word_1_172' title='bbox 933 3054 962 3105; x_wconf 86' lang='lat' dir='ltr'><strong>le</strong></span> <span class='ocrx_word' id='word_1_173' title='bbox 973 3057 1065 3116; x_wconf 71' lang='lat' dir='ltr'><strong>rmus</strong></span> <span class='ocrx_word' id='word_1_174' title='bbox 1081 3053 1111 3104; x_wconf 78' lang='lat' dir='ltr'><strong>rt</strong></span> <span class='ocrx_word' id='word_1_175' title='bbox 1123 3056 1255 3104; x_wconf 80' lang='lat' dir='ltr'><strong>stuteeee</strong></span> 
     </span>
     <span class='ocr_line' id='line_1_24' title="bbox 145 3132 1259 3275; baseline -0.001 -13"><span class='ocrx_word' id='word_1_176' title='bbox 145 3132 355 3274; x_wconf 48' lang='lat' dir='ltr'><strong>Nspeppopppem</strong></span> <span class='ocrx_word' id='word_1_177' title='bbox 372 3210 606 3293; x_wconf 73' lang='grc'>4222422244),2122</span> <span class='ocrx_word' id='word_1_178' title='bbox 620 3210 784 3274; x_wconf 72' lang='lat' dir='ltr'><strong>rtouordmro</strong></span> <span class='ocrx_word' id='word_1_179' title='bbox 799 3211 820 3261; x_wconf 81' lang='lat' dir='ltr'><strong>tt</strong></span> <span class='ocrx_word' id='word_1_180' title='bbox 835 3214 1002 3262; x_wconf 79' lang='lat' dir='ltr'><strong>matrimonio</strong></span> <span class='ocrx_word' id='word_1_181' title='bbox 1013 3209 1054 3262; x_wconf 82' lang='lat' dir='ltr'><strong>de’</strong></span> <span class='ocrx_word' id='word_1_182' title='bbox 1064 3212 1201 3261; x_wconf 75' lang='lat' dir='ltr'><strong>cresum.</strong></span> <span class='ocrx_word' id='word_1_183' title='bbox 1213 3212 1259 3261; x_wconf 73' lang='lat' dir='ltr'><strong>Ts-</strong></span> 
     </span>
     <span class='ocr_line' id='line_1_25' title="bbox 146 3288 953 3437; baseline -0.004 -15"><span class='ocrx_word' id='word_1_184' title='bbox 146 3288 202 3341; x_wconf 44' lang='grc' dir='ltr'><strong>τωο</strong></span> <span class='ocrx_word' id='word_1_185' title='bbox 218 3298 406 3434; x_wconf 57' lang='grc'>(1284))122222222</span> <span class='ocrx_word' id='word_1_186' title='bbox 421 3371 450 3422; x_wconf 84' lang='lat' dir='ltr'><strong>di</strong></span> <span class='ocrx_word' id='word_1_187' title='bbox 466 3375 646 3437; x_wconf 80' lang='lat' dir='ltr'><strong>Nepomuceno</strong></span> <span class='ocrx_word' id='word_1_188' title='bbox 662 3375 758 3436; x_wconf 72' lang='lat' dir='ltr'><strong>Nepte</strong></span> <span class='ocrx_word' id='word_1_189' title='bbox 776 3371 866 3422; x_wconf 84' lang='lat' dir='ltr'><strong>Toriuo</strong></span> <span class='ocrx_word' id='word_1_190' title='bbox 886 3377 928 3420; x_wconf 83' lang='grc'><strong>122</strong></span> <span class='ocrx_word' id='word_1_191' title='bbox 930 3378 953 3420; x_wconf 89' lang='grc'>2</span> 
     </span>
    </p>

    <p class='ocr_par' dir='ltr' id='par_1_5' title="bbox 144 3420 1260 3582">
     <span class='ocr_line' id='line_1_26' title="bbox 216 3420 1260 3514; baseline -0.001 -14"><span class='ocrx_word' id='word_1_192' title='bbox 216 3449 267 3511; x_wconf 78' lang='grc'>(22)</span> <span class='ocrx_word' id='word_1_193' title='bbox 285 3453 390 3502; x_wconf 80' lang='lat' dir='ltr'><strong>Teertce</strong></span> <span class='ocrx_word' id='word_1_194' title='bbox 405 3449 449 3501; x_wconf 83' lang='lat' dir='ltr'><strong>det</strong></span> <span class='ocrx_word' id='word_1_195' title='bbox 463 3453 631 3502; x_wconf 57' lang='lat' dir='ltr'><strong>memento</strong></span> <span class='ocrx_word' id='word_1_196' title='bbox 647 3452 716 3502; x_wconf 90' lang='lat' dir='ltr'><strong>euius</strong></span> <span class='ocrx_word' id='word_1_197' title='bbox 737 3451 817 3514; x_wconf 84' lang='lat' dir='ltr'><strong>prims</strong></span> <span class='ocrx_word' id='word_1_198' title='bbox 835 3462 891 3512; x_wconf 83' lang='lat' dir='ltr'><strong>pars</strong></span> <span class='ocrx_word' id='word_1_199' title='bbox 906 3448 972 3499; x_wconf 83' lang='lat' dir='ltr'><strong>ediis</strong></span> <span class='ocrx_word' id='word_1_200' title='bbox 988 3451 1025 3499; x_wconf 87' lang='lat' dir='ltr'><strong>est</strong></span> <span class='ocrx_word' id='word_1_201' title='bbox 1038 3449 1104 3512; x_wconf 80' lang='lat' dir='ltr'><strong>typis</strong></span> <span class='ocrx_word' id='word_1_202' title='bbox 1114 3420 1260 3499; x_wconf 71' lang='lat' dir='ltr'><strong>isunnam.</strong></span> 
     </span>
     <span class='ocr_line' id='line_1_27' title="bbox 144 3529 584 3582; baseline 0.014 -6"><span class='ocrx_word' id='word_1_203' title='bbox 144 3538 186 3576; x_wconf 87' lang='lat' dir='ltr'><strong>sn</strong></span> <span class='ocrx_word' id='word_1_204' title='bbox 203 3529 363 3579; x_wconf 75' lang='grc'>4222214222</span> <span class='ocrx_word' id='word_1_205' title='bbox 381 3542 438 3579; x_wconf 82' lang='lat' dir='ltr'><strong>vere</strong></span> <span class='ocrx_word' id='word_1_206' title='bbox 458 3543 499 3580; x_wconf 87' lang='lat' dir='ltr'><strong>an.</strong></span> <span class='ocrx_word' id='word_1_207' title='bbox 517 3534 584 3582; x_wconf 84' lang='grc'>4224.</span> 
     </span>
    </p>
   </div>
   <div class='ocr_carea' id='block_1_4' title="bbox 213 3608 746 3747">
    <p class='ocr_par' dir='ltr' id='par_1_6' title="bbox 213 3608 746 3747">
     <span class='ocr_line' id='line_1_28' title="bbox 215 3608 746 3674; baseline 0.004 -19"><span class='ocrx_word' id='word_1_208' title='bbox 215 3608 264 3669; x_wconf 86' lang='grc'>(22)</span> <span class='ocrx_word' id='word_1_209' title='bbox 282 3610 319 3656; x_wconf 82' lang='lat' dir='ltr'><strong>De</strong></span> <span class='ocrx_word' id='word_1_210' title='bbox 333 3611 454 3658; x_wconf 77' lang='lat' dir='ltr'><strong>matrim</strong></span> <span class='ocrx_word' id='word_1_211' title='bbox 471 3609 516 3659; x_wconf 86' lang='lat' dir='ltr'><strong>lib.</strong></span> <span class='ocrx_word' id='word_1_212' title='bbox 527 3613 558 3660; x_wconf 89' lang='lat' dir='ltr'><strong>V.</strong></span> <span class='ocrx_word' id='word_1_213' title='bbox 572 3610 636 3674; x_wconf 86' lang='lat' dir='ltr'><strong>disp.</strong></span> <span class='ocrx_word' id='word_1_214' title='bbox 649 3617 671 3660; x_wconf 89' lang='grc'><strong>2.</strong></span> <span class='ocrx_word' id='word_1_215' title='bbox 684 3623 709 3659; x_wconf 92' lang='lat' dir='ltr'><strong>n.</strong></span> <span class='ocrx_word' id='word_1_216' title='bbox 723 3616 746 3659; x_wconf 83' lang='grc'><strong>2.</strong></span> 
     </span>
     <span class='ocr_line' id='line_1_29' title="bbox 213 3684 424 3747; baseline 0.005 -12"><span class='ocrx_word' id='word_1_217' title='bbox 213 3684 264 3747; x_wconf 87' lang='grc'>(22)</span> <span class='ocrx_word' id='word_1_218' title='bbox 282 3684 343 3735; x_wconf 85' lang='lat' dir='ltr'><strong>ibid.</strong></span> <span class='ocrx_word' id='word_1_219' title='bbox 360 3699 385 3735; x_wconf 92' lang='lat' dir='ltr'><strong>u</strong></span> <span class='ocrx_word' id='word_1_220' title='bbox 400 3692 424 3736; x_wconf 96' lang='grc'><strong>4.</strong></span> 
     </span>
    </p>
   </div>
   <div class='ocr_carea' id='block_1_5' title="bbox 144 3739 1267 4387">
    <p class='ocr_par' dir='ltr' id='par_1_7' title="bbox 144 3739 1267 4387">
     <span class='ocr_line' id='line_1_30' title="bbox 208 3739 1261 3830; baseline -0.002 -13.986"><span class='ocrx_word' id='word_1_221' title='bbox 208 3767 265 3829; x_wconf 88' lang='grc'>(24)</span> <span class='ocrx_word' id='word_1_222' title='bbox 282 3767 311 3815; x_wconf 84' lang='lat' dir='ltr'><strong>ln</strong></span> <span class='ocrx_word' id='word_1_223' title='bbox 325 3779 368 3829; x_wconf 89' lang='lat' dir='ltr'><strong>op.</strong></span> <span class='ocrx_word' id='word_1_224' title='bbox 388 3768 477 3816; x_wconf 76' lang='lat' dir='ltr'><strong>Traite</strong></span> <span class='ocrx_word' id='word_1_225' title='bbox 492 3766 531 3818; x_wconf 81' lang='lat' dir='ltr'><strong>du</strong></span> <span class='ocrx_word' id='word_1_226' title='bbox 547 3769 665 3818; x_wconf 81' lang='lat' dir='ltr'><strong>Peucetr</strong></span> <span class='ocrx_word' id='word_1_227' title='bbox 680 3766 712 3818; x_wconf 77' lang='lat' dir='ltr'><strong>de</strong></span> <span class='ocrx_word' id='word_1_228' title='bbox 731 3765 826 3830; x_wconf 72' lang='lat' dir='ltr'><strong>l&#39;eelise</strong></span> <span class='ocrx_word' id='word_1_229' title='bbox 843 3769 869 3816; x_wconf 87' lang='lat' dir='ltr'><strong>et</strong></span> <span class='ocrx_word' id='word_1_230' title='bbox 889 3739 934 3816; x_wconf 74' lang='lat' dir='ltr'><strong>dei</strong></span> <span class='ocrx_word' id='word_1_231' title='bbox 949 3769 1054 3830; x_wconf 74' lang='lat' dir='ltr'><strong>princes</strong></span> <span class='ocrx_word' id='word_1_232' title='bbox 1065 3765 1161 3815; x_wconf 79' lang='lat' dir='ltr'><strong>turries</strong></span> <span class='ocrx_word' id='word_1_233' title='bbox 1178 3763 1261 3828; x_wconf 68' lang='lat' dir='ltr'><strong>empe-</strong></span> 
     </span>
     <span class='ocr_line' id='line_1_31' title="bbox 146 3845 1262 3909; baseline -0.003 -13"><span class='ocrx_word' id='word_1_234' title='bbox 146 3845 321 3897; x_wconf 75' lang='grc' dir='ltr'>21422222εά24</span> <span class='ocrx_word' id='word_1_235' title='bbox 339 3849 467 3909; x_wconf 64' lang='lat' dir='ltr'><strong>mortuae.</strong></span> <span class='ocrx_word' id='word_1_236' title='bbox 486 3848 526 3896; x_wconf 86' lang='lat' dir='ltr'><strong>Un</strong></span> <span class='ocrx_word' id='word_1_237' title='bbox 542 3848 592 3897; x_wconf 88' lang='lat' dir='ltr'><strong>rol.</strong></span> <span class='ocrx_word' id='word_1_238' title='bbox 604 3848 629 3897; x_wconf 84' lang='lat' dir='ltr'><strong>in</strong></span> <span class='ocrx_word' id='word_1_239' title='bbox 648 3851 670 3897; x_wconf 88' lang='grc'><strong>4.</strong></span> <span class='ocrx_word' id='word_1_240' title='bbox 690 3847 759 3896; x_wconf 83' lang='lat' dir='ltr'><strong>Paris</strong></span> <span class='ocrx_word' id='word_1_241' title='bbox 777 3853 844 3898; x_wconf 80' lang='grc'>2222.</span> <span class='ocrx_word' id='word_1_242' title='bbox 863 3845 905 3896; x_wconf 87' lang='lat' dir='ltr'><strong>ubi</strong></span> <span class='ocrx_word' id='word_1_243' title='bbox 920 3846 1024 3896; x_wconf 88' lang='lat' dir='ltr'><strong>seconde</strong></span> <span class='ocrx_word' id='word_1_244' title='bbox 1037 3849 1100 3909; x_wconf 82' lang='lat' dir='ltr'><strong>pert.</strong></span> <span class='ocrx_word' id='word_1_245' title='bbox 1111 3845 1152 3894; x_wconf 89' lang='lat' dir='ltr'><strong>eh</strong></span> <span class='ocrx_word' id='word_1_246' title='bbox 1164 3847 1197 3895; x_wconf 89' lang='lat'><strong>11.</strong></span> <span class='ocrx_word' id='word_1_247' title='bbox 1209 3846 1262 3894; x_wconf 81' lang='lat' dir='ltr'><strong>sta·</strong></span> 
     </span>
     <span class='ocr_line' id='line_1_32' title="bbox 147 3923 1263 3989; baseline -0.003 -13"><span class='ocrx_word' id='word_1_248' title='bbox 147 3927 205 3976; x_wconf 83' lang='lat' dir='ltr'><strong>tuit.</strong></span> <span class='ocrx_word' id='word_1_249' title='bbox 223 3929 295 3989; x_wconf 87' lang='lat' dir='ltr'><strong>Prop.</strong></span> <span class='ocrx_word' id='word_1_250' title='bbox 316 3928 336 3976; x_wconf 87' lang='lat'><strong>1.</strong></span> <span class='ocrx_word' id='word_1_251' title='bbox 363 3929 419 3976; x_wconf 75' lang='lat' dir='ltr'><strong>«Le</strong></span> <span class='ocrx_word' id='word_1_252' title='bbox 437 3924 542 3989; x_wconf 85' lang='lat' dir='ltr'><strong>pouroir</strong></span> <span class='ocrx_word' id='word_1_253' title='bbox 561 3924 592 3976; x_wconf 90' lang='lat' dir='ltr'><strong>de</strong></span> <span class='ocrx_word' id='word_1_254' title='bbox 614 3927 700 3975; x_wconf 86' lang='lat' dir='ltr'><strong>mettre</strong></span> <span class='ocrx_word' id='word_1_255' title='bbox 718 3925 753 3974; x_wconf 89' lang='lat' dir='ltr'><strong>ies</strong></span> <span class='ocrx_word' id='word_1_256' title='bbox 771 3926 956 3988; x_wconf 81' lang='lat' dir='ltr'><strong>empeehemens</strong></span> <span class='ocrx_word' id='word_1_257' title='bbox 971 3938 1002 3973; x_wconf 86' lang='lat' dir='ltr'><strong>au</strong></span> <span class='ocrx_word' id='word_1_258' title='bbox 1018 3923 1137 3986; x_wconf 74' lang='lat' dir='ltr'><strong>mariage,</strong></span> <span class='ocrx_word' id='word_1_259' title='bbox 1157 3923 1263 3974; x_wconf 76' lang='lat' dir='ltr'><strong>subsiste</strong></span> 
     </span>
     <span class='ocr_line' id='line_1_33' title="bbox 145 4003 1262 4070; baseline -0.004 -15"><span class='ocrx_word' id='word_1_260' title='bbox 145 4005 208 4055; x_wconf 80' lang='lat' dir='ltr'><strong>daos</strong></span> <span class='ocrx_word' id='word_1_261' title='bbox 222 4005 257 4056; x_wconf 85' lang='lat' dir='ltr'><strong>ies</strong></span> <span class='ocrx_word' id='word_1_262' title='bbox 273 4007 370 4070; x_wconf 85' lang='lat' dir='ltr'><strong>princes</strong></span> <span class='ocrx_word' id='word_1_263' title='bbox 389 4007 512 4056; x_wconf 72' lang='lat' dir='ltr'><strong>coritiani</strong></span> <span class='ocrx_word' id='word_1_264' title='bbox 524 4005 539 4054; x_wconf 79' lang='grc'><strong>2</strong></span> <span class='ocrx_word' id='word_1_265' title='bbox 557 4005 648 4068; x_wconf 70' lang='lat' dir='ltr'><strong>i&#39;egard</strong></span> <span class='ocrx_word' id='word_1_266' title='bbox 667 4003 698 4054; x_wconf 87' lang='lat' dir='ltr'><strong>de</strong></span> <span class='ocrx_word' id='word_1_267' title='bbox 709 4007 764 4056; x_wconf 87' lang='lat' dir='ltr'><strong>tous</strong></span> <span class='ocrx_word' id='word_1_268' title='bbox 774 4006 849 4066; x_wconf 85' lang='lat' dir='ltr'><strong>sujets</strong></span> <span class='ocrx_word' id='word_1_269' title='bbox 861 4007 913 4055; x_wconf 82' lang='lat' dir='ltr'><strong>tunt</strong></span> <span class='ocrx_word' id='word_1_270' title='bbox 923 4004 1047 4067; x_wconf 76' lang='lat' dir='ltr'><strong>mpura,</strong></span> <span class='ocrx_word' id='word_1_271' title='bbox 1059 4016 1108 4066; x_wconf 78' lang='lat' dir='ltr'><strong>que</strong></span> <span class='ocrx_word' id='word_1_272' title='bbox 1123 4015 1173 4052; x_wconf 90' lang='lat' dir='ltr'><strong>non</strong></span> <span class='ocrx_word' id='word_1_273' title='bbox 1184 4003 1262 4065; x_wconf 84' lang='lat' dir='ltr'><strong>bapti·</strong></span> 
     </span>
     <span class='ocr_line' id='line_1_34' title="bbox 144 4081 1265 4150; baseline -0.004 -13"><span class='ocrx_word' id='word_1_274' title='bbox 144 4085 186 4137; x_wconf 73' lang='grc'><strong>222</strong></span> <span class='ocrx_word' id='word_1_275' title='bbox 194 4109 203 4124; x_wconf 86' lang='grc'><em>·</em></span> <span class='ocrx_word' id='word_1_276' title='bbox 212 4087 286 4149; x_wconf 86' lang='lat' dir='ltr'><strong>Prop.</strong></span> <span class='ocrx_word' id='word_1_277' title='bbox 300 4088 331 4136; x_wconf 85' lang='lat' dir='ltr'><strong>il.</strong></span> <span class='ocrx_word' id='word_1_278' title='bbox 343 4112 351 4125; x_wconf 94' lang='lat'>·</span> <span class='ocrx_word' id='word_1_279' title='bbox 363 4087 465 4150; x_wconf 75' lang='lat' dir='ltr'><strong>L&#39;egiise</strong></span> <span class='ocrx_word' id='word_1_280' title='bbox 476 4086 516 4137; x_wconf 85' lang='lat' dir='ltr'><strong>n&#39;e</strong></span> <span class='ocrx_word' id='word_1_281' title='bbox 534 4098 578 4149; x_wconf 83' lang='lat' dir='ltr'><strong>pse</strong></span> <span class='ocrx_word' id='word_1_282' title='bbox 587 4085 711 4150; x_wconf 73' lang='lat' dir='ltr'><strong>depouiile</strong></span> <span class='ocrx_word' id='word_1_283' title='bbox 726 4098 774 4134; x_wconf 88' lang='lat' dir='ltr'><strong>nou</strong></span> <span class='ocrx_word' id='word_1_284' title='bbox 791 4086 847 4149; x_wconf 84' lang='lat' dir='ltr'><strong>pius</strong></span> <span class='ocrx_word' id='word_1_285' title='bbox 858 4086 893 4135; x_wconf 87' lang='lat' dir='ltr'><strong>les</strong></span> <span class='ocrx_word' id='word_1_286' title='bbox 903 4085 1000 4148; x_wconf 83' lang='lat' dir='ltr'><strong>princes</strong></span> <span class='ocrx_word' id='word_1_287' title='bbox 1009 4083 1042 4134; x_wconf 88' lang='lat' dir='ltr'><strong>du</strong></span> <span class='ocrx_word' id='word_1_288' title='bbox 1058 4081 1177 4146; x_wconf 81' lang='lat' dir='ltr'><strong>peoroir,</strong></span> <span class='ocrx_word' id='word_1_289' title='bbox 1189 4082 1265 4146; x_wconf 82' lang='lat' dir='ltr'><strong>qs&#39;iis</strong></span> 
     </span>
     <span class='ocr_line' id='line_1_35' title="bbox 146 4161 1267 4229; baseline -0.004 -13"><span class='ocrx_word' id='word_1_290' title='bbox 146 4166 191 4216; x_wconf 87' lang='lat' dir='ltr'><strong>out</strong></span> <span class='ocrx_word' id='word_1_291' title='bbox 199 4166 386 4218; x_wconf 82' lang='lat' dir='ltr'><strong>usturellemeut</strong></span> <span class='ocrx_word' id='word_1_292' title='bbox 397 4181 440 4218; x_wconf 85' lang='lat' dir='ltr'><strong>eut</strong></span> <span class='ocrx_word' id='word_1_293' title='bbox 448 4168 473 4218; x_wconf 89' lang='grc'><strong>12</strong></span> <span class='ocrx_word' id='word_1_294' title='bbox 484 4168 591 4229; x_wconf 80' lang='lat' dir='ltr'><strong>mariage</strong></span> <span class='ocrx_word' id='word_1_295' title='bbox 600 4179 630 4215; x_wconf 87' lang='lat' dir='ltr'><strong>eu</strong></span> <span class='ocrx_word' id='word_1_296' title='bbox 640 4179 667 4228; x_wconf 84' lang='lat' dir='ltr'><strong>se</strong></span> <span class='ocrx_word' id='word_1_297' title='bbox 676 4165 699 4216; x_wconf 88' lang='grc'><strong>12</strong></span> <span class='ocrx_word' id='word_1_298' title='bbox 709 4165 909 4216; x_wconf 78' lang='lat' dir='ltr'><strong>reserrenttelle</strong></span> <span class='ocrx_word' id='word_1_299' title='bbox 918 4164 998 4215; x_wconf 86' lang='lat' dir='ltr'><strong>seuie-</strong></span> <span class='ocrx_word' id='word_1_300' title='bbox 1010 4166 1081 4227; x_wconf 85' lang='lat' dir='ltr'><strong>Prop.</strong></span> <span class='ocrx_word' id='word_1_301' title='bbox 1094 4165 1138 4212; x_wconf 84' lang='grc' dir='ltr'>ΙΙΙ.</span> <span class='ocrx_word' id='word_1_302' title='bbox 1147 4161 1267 4225; x_wconf 58' lang='grc'>42221422</span> 
     </span>
     <span class='ocr_line' id='line_1_36' title="bbox 146 4241 1266 4309; baseline -0.007 -13"><span class='ocrx_word' id='word_1_303' title='bbox 146 4243 188 4296; x_wconf 82' lang='lat' dir='ltr'><strong>rs&#39;s</strong></span> <span class='ocrx_word' id='word_1_304' title='bbox 206 4258 251 4309; x_wconf 84' lang='lat' dir='ltr'><strong>pm</strong></span> <span class='ocrx_word' id='word_1_305' title='bbox 268 4249 348 4298; x_wconf 78' lang='lat' dir='ltr'><strong>meme</strong></span> <span class='ocrx_word' id='word_1_306' title='bbox 365 4246 469 4297; x_wconf 83' lang='lat' dir='ltr'><strong>iuterdlt</strong></span> <span class='ocrx_word' id='word_1_307' title='bbox 486 4259 535 4296; x_wconf 82' lang='lat' dir='ltr'><strong>sus</strong></span> <span class='ocrx_word' id='word_1_308' title='bbox 551 4245 646 4309; x_wconf 87' lang='lat' dir='ltr'><strong>princes</strong></span> <span class='ocrx_word' id='word_1_309' title='bbox 664 4245 680 4294; x_wconf 84' lang='lat'><strong>1‘</strong></span> <span class='ocrx_word' id='word_1_310' title='bbox 691 4257 764 4308; x_wconf 76' lang='lat' dir='ltr'><strong>usage</strong></span> <span class='ocrx_word' id='word_1_311' title='bbox 782 4258 814 4295; x_wconf 89' lang='lat' dir='ltr'><strong>ou</strong></span> <span class='ocrx_word' id='word_1_312' title='bbox 831 4244 957 4295; x_wconf 83' lang='lat' dir='ltr'><strong>i&#39;esereica</strong></span> <span class='ocrx_word' id='word_1_313' title='bbox 975 4244 1010 4293; x_wconf 87' lang='lat' dir='ltr'><strong>du</strong></span> <span class='ocrx_word' id='word_1_314' title='bbox 1021 4242 1125 4306; x_wconf 86' lang='lat' dir='ltr'><strong>pouroir</strong></span> <span class='ocrx_word' id='word_1_315' title='bbox 1135 4241 1211 4306; x_wconf 79' lang='lat' dir='ltr'><strong>qo‘its</strong></span> <span class='ocrx_word' id='word_1_316' title='bbox 1221 4242 1266 4291; x_wconf 89' lang='lat' dir='ltr'><strong>out</strong></span> 
     </span>
     <span class='ocr_line' id='line_1_37' title="bbox 147 4323 802 4387; baseline -0.005 -12"><span class='ocrx_word' id='word_1_317' title='bbox 147 4325 334 4378; x_wconf 75' lang='lat' dir='ltr'><strong>esurreiiement</strong></span> <span class='ocrx_word' id='word_1_318' title='bbox 354 4339 398 4376; x_wconf 84' lang='lat' dir='ltr'><strong>sur</strong></span> <span class='ocrx_word' id='word_1_319' title='bbox 413 4326 450 4376; x_wconf 83' lang='grc'><strong>122</strong></span> <span class='ocrx_word' id='word_1_320' title='bbox 463 4324 602 4376; x_wconf 77' lang='lat' dir='ltr'><strong>eruditione</strong></span> <span class='ocrx_word' id='word_1_321' title='bbox 617 4324 651 4373; x_wconf 87' lang='lat' dir='ltr'><strong>du</strong></span> <span class='ocrx_word' id='word_1_322' title='bbox 668 4323 802 4387; x_wconf 74' lang='lat' dir='ltr'><strong>mariage»</strong></span> 
     </span>
    </p>
   </div>
   <div class='ocr_carea' id='block_1_6' title="bbox 0 0 1417 5062">
    <p class='ocr_par' dir='ltr' id='par_1_8' title="bbox 0 0 1417 5062">
     <span class='ocr_line' id='line_1_38' title="bbox 0 0 1417 5062; baseline 0 0"><span class='ocrx_word' id='word_1_323' title='bbox 0 0 1417 5062; x_wconf 95' lang='lat' dir='ltr'><strong> </strong></span> 
     </span>
    </p>
   </div>
  </div>
 </body>
</html>
