2804 5062
149 351 217 422 tta
341 371 402 423 us.
422 371 459 422 u.
480 368 567 420 secr.
589 368 719 419 acrem.
740 367 780 416 or
799 365 924 417 roresa
946 364 1059 419 crtus.

148 489 252 562 retici.
270 491 385 589 Neque
411 488 536 562 adiecit
558 485 765 560 Ludouicum
789 483 833 558 ob
858 482 943 567 adeo
970 499 1068 559 atrox
1095 482 1246 558 [acinusr

146 602 318 677 Clemente
330 602 500 676 Benedicti
519 625 714 676 successore
730 626 818 673 novo
834 598 944 673 fuisse
958 597 1177 673 anathemate
1192 623 1251 699 per·

144 743 303 805 cussum,
331 717 478 817 aliisque
500 714 712 816 gravioribus
738 712 857 813 poenis
879 712 1040 802 aiieetrpm
1055 715 1250 810 (iii).Nou

145 833 267 908 adiecit
283 849 352 907 tum
370 832 549 905 divortium
571 829 753 930 petulantis
768 854 808 905 ac
819 827 1015 929 impudicae
1031 827 1254 927 Margarethae

145 947 275 1021 irritum
297 975 318 1022 a
339 947 500 1046 pontifice
525 946 781 1046 pronunciatum
806 943 933 1033 fuisse,
951 960 1024 1018 tom
1042 971 1174 1020 novum
1188 971 1254 1020 eon·

145 1062 273 1160 ingiam
285 1062 376 1137 velut
388 1061 613 1136 adulterinum
626 1060 732 1134 fuisse
746 1061 904 1135 reiectum
919 1061 1037 1156 (112).
1049 1059 1155 1134 Nulla
1167 1060 1256 1158 igitur

145 1178 229 1252 ratio
246 1195 318 1251 erat
334 1204 394 1251 cur
410 1177 497 1269 adeo
513 1176 676 1251 exultaret
693 1177 749 1248 hic
765 1190 881 1251 auctor
897 1201 958 1276 pro
975 1191 1150 1275 usurpata
1162 1202 1184 1251 e
1194 1176 1256 1250 viro

145 1291 361 1366 schismatico
388 1307 552 1391 potestate
571 1306 686 1366 contra
702 1291 758 1364 ius
773 1316 814 1365 ac
835 1290 899 1364 sas.
921 1290 971 1362 Ex
988 1287 1047 1362 his
1065 1289 1173 1367 etiam
1189 1315 1257 1391 spe-

144 1405 252 1478 cimen
276 1430 396 1505 capere
422 1431 604 1505 possumus
631 1403 755 1479 indolis
778 1401 945 1478 eiusmodi
970 1419 1182 1492 auctorum,
1206 1402 1255 1504 qui

144 1521 347 1620 apostolicae
372 1523 445 1596 sadi
472 1521 681 1596 adversarios
706 1546 745 1594 se
766 1519 937 1620 praebent.

217 1637 291 1725 Qua
314 1663 393 1713 tero
416 1639 544 1713 ratione
568 1637 835 1711 demonstraverit
851 1635 908 1709 hic
924 1650 1042 1710 auctor
1062 1635 1255 1713 dirimentes

146 1753 394 1827 matrimonium
415 1752 507 1850 leges
530 1752 673 1826 condere
698 1751 741 1826 ad
770 1751 979 1852 principem,
1000 1777 1071 1826 non
1092 1751 1255 1841 autemsd

147 1867 345 1956 eeclesiam,
366 1895 589 1969 romanosque
606 1867 782 1968 pontifices
797 1867 973 1967 pertinere,
989 1892 1032 1940 ex
1045 1883 1152 1942 antea
1168 1867 1257 1943 dictis

146 1981 281 2082 abunde
305 2000 456 2070 constat,
485 1985 567 2083 quin
590 1981 683 2056 aliud
710 1982 876 2057 addamus
900 1980 943 2057 ad
968 1981 1045 2058 eius
1071 1982 1254 2059 iactantiam

145 2096 400 2172 retundendam.

219 2215 299 2288 Post
316 2215 400 2288 haec
421 2216 531 2313 pergit
548 2215 684 2288 Nostius
701 2214 872 2312 scribens:
894 2212 1045 2289 Proiecto
1065 2241 1139 2290 nou
1156 2213 1255 2290 solum

148 2329 378 2429 superioribus
391 2330 617 2431 temporibus,
633 2329 693 2404 sed
708 2356 750 2404 ne
762 2329 940 2411 undecimo
957 2329 1100 2429 quidem
1116 2344 1256 2405 verteme

146 2442 259 2516 seculo
277 2462 446 2544 receptum
464 2471 555 2518 more
572 2445 678 2518 fuisse
696 2444 797 2517 tradit
815 2444 956 2519 loannes
974 2443 1130 2518 Mariana
1145 2445 1252 2541 (tte),

144 2573 182 2629 ut
207 2559 382 2657 pontifices
408 2560 441 2630 in
468 2560 579 2633 vetitis
613 2559 815 2632 matrimonii
846 2558 1008 2656 gradibus
1037 2560 1177 2633 veniam
1201 2559 1253 2633 da·

146 2677 355 2770 rent(1ld).
382 2675 465 2761 Quis
491 2676 575 2749 haec
600 2675 714 2773 legens
741 2702 807 2749 non
833 2675 899 2748 sibi
926 2676 1149 2774 persuaderet
1172 2678 1255 2751 iuxta

145 2789 329 2862 Marianam
355 2791 408 2863 ius
445 2791 597 2865 solvendi
631 2792 822 2866 illicitorum
851 2791 1086 2888 coniugiorum
1120 2791 1255 2895 impedi·

145 2920 257 2978 menta
277 2932 344 2978 sec.
357 2907 415 2978 XI.
428 2908 576 2981 nondum
594 2907 638 2981 ad
657 2935 739 2983 rom.
758 2906 933 3006 pontifices
951 2907 1178 3007 pertinuisse,
1201 2906 1253 2983 sed

220 3193 285 3254 (111)
303 3193 368 3242 satis
381 3193 505 3255 ingeniosa
523 3195 560 3243 eet
576 3195 659 3243 evasio
671 3207 746 3256 qoam
765 3195 888 3245 Leunoius
901 3193 1003 3257 reperit,
1016 3196 1045 3244 ut
1056 3206 1085 3245 se
1098 3195 1132 3246 ab
1146 3195 1193 3245 bac
1207 3193 1254 3244 Cic

145 3271 235 3322 mentis
245 3273 332 3336 agendi
344 3273 438 3323 ratione
446 3273 585 3324 extricaret.
598 3273 688 3324 Scribit
698 3274 776 3324 enim:
787 3275 919 3325 «clemens
929 3277 971 3324 Vt.
981 3274 1006 3324 in
1018 3276 1141 3326 mamam
1152 3289 1202 3339 qua
1212 3277 1253 3325 im·

143 3350 259 3401 desierim
272 3347 374 3416 imperio
386 3354 510 3416 privatum
522 3352 676 3404 denuntiavit
691 3354 754 3405 inter
765 3358 856 3418 septem
868 3354 1034 3405 damnationis
1051 3357 1135 3420 capita
1154 3354 1255 3406 reomtei

145 3432 220 3494 iilud,
235 3433 302 3495 quod
323 3434 454 3484 nonnullos
471 3435 495 3483 in
513 3434 645 3499 pmtribitis
665 3435 781 3498 gradibus
798 3436 975 3486 coniunxisset.
992 3436 1040 3486 Sed
1059 3435 1087 3486 id
1103 3435 1256 3488 tetam

145 3513 222 3565 umus
241 3514 365 3577 pontifex,
382 3528 432 3564 non
454 3515 521 3578 quod
538 3514 650 3565 eruisset
670 3516 794 3579 legitimos
813 3516 935 3580 principes
955 3514 1047 3580 gradus
1061 3516 1193 3568 affinitatis
1206 3515 1254 3566 soie

143 3594 211 3642 civili
228 3593 282 3642 iure
301 3595 389 3643 vetitos
408 3594 516 3644 retaxare
536 3608 585 3644 oon
608 3608 692 3658 posse,
711 3596 754 3646 sed
770 3595 835 3658 quod
855 3594 1009 3645 Ludovicum
1032 3597 1254 3647 &renarrem

143 3685 171 3721 ac
193 3671 327 3734 legitimum
343 3673 513 3736 imperatorem
527 3686 576 3722 non
595 3686 665 3735 esse,
681 3687 824 3737 persumum
839 3673 946 3725 haberat.
960 3676 1014 3732 Qua
1029 3674 1056 3724 tn
1071 3687 1099 3725 re
1110 3673 1218 3740 pertitas
1228 3673 1255 3723 it·

142 3750 218 3800 iatam
240 3750 355 3813 legitimis
375 3751 526 3815 principibus
548 3752 662 3802 iniuriam
682 3752 815 3803 vindicavit
836 3753 1204 3817 marcomannicam
1216 3766 1253 3818 pe

141 3831 222 3878 testati
234 3830 318 3892 ,regiae
327 3831 365 3879 vei
375 3831 546 3894 imperatoriae
561 3831 734 3881 detrimentum
754 3831 862 3882 attulit.»
872 3834 944 3882 certe
954 3832 992 3881 siu
1006 3832 1091 3883 uuum
1103 3832 1210 3895 vstitu,
1220 3831 1253 3882 itt·

142 3910 238 3971 genium
258 3908 407 3959 tendandum
425 3910 510 3960 saitem
530 3913 567 3961 est
585 3911 611 3960 iu
628 3912 676 3961 hoc
689 3912 779 3975 assumo
798 3912 953 3962 inveniendo.

215 3991 280 4051 (111)
297 3991 335 4040 ct.
349 3993 465 4041 Bzovium
478 3992 573 4041 Annol.
586 3992 676 4043 eccles.
690 3993 720 4043 ad
732 4007 772 4042 sn.
785 3997 853 4043 tate.
864 4007 889 4043 n.
901 3995 967 4042 11111.
979 3992 1023 4055 qui
1033 3996 1159 4058 praeterea
1169 3993 1253 4045 tute·

144 4083 168 4118 n.
182 4071 224 4119 lx.
239 4070 312 4120 refert
324 4071 478 4121 Lodovicum
492 4074 614 4123 Baiarum
630 4073 669 4123 bis
683 4073 839 4137 perterritum
850 4072 881 4123 etl
893 4072 1044 4137 pontificiam
1062 4074 1148 4128 Mens
1160 4074 1252 4138 lentim

142 4161 197 4198 nem
217 4147 313 4198 misisse
331 4149 397 4211 pacis
414 4151 584 4201 conciliandae
603 4165 696 4204 caussa.
706 4155 756 4204 Neo
767 4167 816 4204 uon
828 4151 981 4218 Raynatdum
993 4152 1024 4204 ed
1039 4159 1193 4208 saletam
1201 4156 1250 4207 111.

217 4229 237 4289 (t
247 4228 282 4289 13)
301 4228 354 4278 Lib.
368 4235 397 4278 x.
411 4233 511 4281 Hister.
524 4245 577 4296 cap.
592 4242 614 4282 a.

214 4309 278 4368 (111)
294 4313 340 4373 op.
353 4311 395 4361 cit.
408 4325 463 4375 pag.
477 4316 516 4366 171
531 4326 582 4375 seq.
