2804 5062
202 359 787 416 mr.n1.nrc1r.rorrsr.rnmo.mr.
801 367 1146 418 unumunurm
1192 348 1259 418 itt

155 481 327 556 infidelem
352 479 444 554 nulla
469 480 595 554 ratione
620 507 720 579 posse
746 481 818 555 suis
844 481 974 580 legibus
999 485 1144 557 nativam
1167 484 1264 558 iiber·

155 612 257 670 tatem
283 595 330 669 ita
354 608 521 682 coercere,
548 609 586 668 ut
610 594 683 668 eius
709 612 803 670 actus
829 596 912 670 irriti
940 598 1133 671 reddantur.
1231 664 1234 668 Α

226 709 294 782 Sed
318 735 386 782 non
410 710 523 784 minus
549 710 728 809 perspicue
752 710 841 783 idem
866 727 1018 812 apparet,
1047 712 1076 786 si
1096 711 1179 786 ratio
1201 713 1264 788 ha·

151 826 272 900 beatur
295 824 419 898 iurium
448 839 481 898 et
509 823 697 899 officiorum
729 852 816 925 quac
841 853 861 900 a
886 828 1040 925 coniugio
1072 827 1259 902 dimanant.

151 939 355 1015 Huiusmodi
381 954 460 1013 sunt
485 956 636 1013 mutuum
651 939 837 1013 dominium
855 941 889 1013 in
906 942 1061 1040 coniugis
1076 968 1198 1041 corpus
1217 941 1260 1016 ad

151 1053 334 1129 liberorum
360 1053 621 1155 procreationem
647 1070 747 1153 atque
773 1055 807 1126 in
832 1056 1136 1156 concupiscientiae
1154 1082 1262 1131 reme-

148 1169 266 1258 dium;
287 1184 403 1244 mutua
428 1168 573 1242 fidelitas
599 1169 634 1240 in
660 1169 723 1245 hoc
747 1170 897 1246 dominio
929 1189 1045 1246 sancte
1075 1171 1260 1260 servand03

150 1302 270 1361 mutua
293 1285 447 1373 diiectio;
468 1285 643 1384 utriusque
667 1286 893 1360 contrahentis
919 1287 1128 1386 conspiratio
1153 1287 1196 1359 ad
1214 1286 1264 1361 sa-

149 1401 267 1476 miliae
292 1400 462 1498 regimen,
490 1399 593 1474 huius
610 1401 838 1475 conventionis
856 1402 1059 1502 perpetuitas
1077 1401 1211 1502 aliaque
1228 1400 1264 1474 id

147 1542 259 1615 genus
285 1542 351 1589 non
377 1541 497 1616 pauca.
519 1516 591 1588 Iam
614 1540 693 1588 vero
712 1515 777 1590 nisi
796 1516 947 1590 dicamus
965 1516 1098 1590 civilem
1116 1532 1263 1616 potcsta-

150 1647 219 1706 tem
237 1630 347 1706 nullos
360 1657 499 1730 prorsus
513 1629 637 1705 limites
657 1630 780 1704 habere
797 1631 921 1731 quibus
937 1647 1144 1720 coerceatur,
1165 1657 1264 1732 quac·

148 1773 230 1820 nam
256 1745 430 1820 hominum
454 1746 573 1819 iuraa
602 1744 694 1820 civili
726 1747 919 1820 auctoritate
948 1762 1045 1820 erunt
1074 1746 1260 1834 immunia,

149 1862 182 1936 si
210 1862 379 1936 intimiora
406 1862 507 1936 etiam
539 1861 718 1958 coniugum
752 1861 825 1934 iura
857 1863 1007 1935 servituti
1039 1861 1263 1934 humanarum

148 1976 264 2075 legum
289 1975 497 2052 subdantur?
515 1976 687 2063 Quaenam
712 1975 805 2065 iura,
834 2002 1001 2076 quaenam
1017 1976 1131 2051 officia
1147 1976 1262 2050 exclu-

150 2091 226 2167 sive
250 2091 295 2165 ad
313 2116 444 2165 sacram
460 2107 657 2191 potestatem
676 2090 905 2189 pertinebunt,
926 2090 956 2164 ei
974 2091 1138 2165 recensita
1161 2091 1262 2165 ctiam

149 2208 228 2282 iura
251 2233 291 2282 ac
315 2206 429 2282 officia
452 2232 472 2280 a
497 2207 589 2281 cirili
614 2223 778 2306 potestate
802 2206 1038 2308 dependeant?

223 2320 365 2393 Domum
390 2319 468 2394 finis
499 2319 686 2417 coniugalis
716 2336 905 2395 contractus
935 2320 1088 2394 eamdem
1117 2320 1264 2396 emanci-

149 2435 344 2537 pationem,
372 2451 409 2509 ut
434 2435 480 2509 ita
510 2434 650 2535 loquar,
678 2463 699 2508 a
723 2436 814 2510 cirili
849 2435 1060 2533 legislatione
1093 2435 1264 2511 evidenter

145 2550 314 2650 exposcit.
325 2549 466 2658 Etenim
477 2549 555 2624 finis
572 2551 773 2653 praecipuus
792 2550 939 2650 coniugii
957 2565 1009 2625 est
1026 2551 1172 2626 filiorum
1191 2576 1264 2652 pro

147 2665 287 2766 pagatio
313 2680 413 2765 atque
437 2664 609 2755 educatio;
630 2682 683 2741 ast
707 2684 848 2767 utraque
874 2693 940 2742 non
966 2693 1059 2742 more
1077 2664 1258 2768 peoudam‚

145 2779 211 2854 sed
236 2794 274 2853 ut
297 2778 466 2851 hominem
492 2779 607 2868 decet,
636 2781 765 2855 scilicet
791 2797 888 2881 prout
905 2782 1066 2858 honestas
1084 2806 1124 2854 ac
1147 2779 1263 2878 religio

148 2894 339 2995 requirunt.
360 2893 508 2967 Humani
533 2889 693 2970 nimiruni
719 2898 866 2996 coniugii
893 2897 972 2973 finis
995 2913 1115 2972 natura
1132 2923 1195 2970 sua
1211 2922 1264 2970 ra-

129 3007 288 3084 tionalis
312 3024 383 3097 est,
411 3009 548 3084 moralis
574 3037 613 3084 ac
639 3012 828 3110 religiosus.
850 3014 887 3086 ln
906 3012 980 3111 ipso
998 3012 1098 3086 etiam
1119 3008 1263 3083 naturali

148 3137 264 3210 statu,
292 3123 441 3222 seposita
470 3125 669 3196 sacramenti
699 3125 848 3212 ratione,
881 3124 1129 3198 matrimonium
1152 3139 1190 3195 ut
1213 3122 1264 3195 oi-

146 3237 265 3312 ficium
284 3236 455 3311 rationalis
474 3253 611 3310 naturae
628 3266 694 3313 non
714 3265 753 3314 eo
771 3255 917 3340 spectat,
939 3254 975 3312 ut
991 3238 1156 3340 pecudum
1170 3261 1263 3311 more

145 3376 257 3451 genus
282 3351 456 3426 hominum
481 3352 793 3453 quomodocumque
817 3368 961 3440 crescat;
983 3378 1092 3452 neque
1117 3366 1262 3440 cotan-

144 3483 239 3556 tum,
259 3483 298 3541 ut
313 3466 403 3542 cives
418 3467 546 3566 patriae
563 3483 783 3569 procurentur
802 3471 897 3566 (23);
918 3467 978 3542 sed
991 3492 1031 3542 eo
1048 3466 1261 3568 potissimum

221 3734 271 3797 (π)
286 3734 334 3785 ilie
343 3736 381 3786 est
389 3748 458 3786 error
468 3734 658 3788 fundamentalis
668 3737 878 3800 adversariorum,
892 3737 936 3803 qui
946 3739 1125 3790 consueverunt
1135 3739 1261 3801 tamquam

142 3813 296 3880 principium
317 3814 489 3866 inconcussum
498 3851 507 3879 ,
521 3818 595 3880 atque
612 3817 713 3868 arideus
730 3816 827 3867 axioma
844 3830 981 3879 assumam,
999 3817 1182 3867 matrimonium
1193 3830 1208 3867 a
1218 3830 1260 3868 na·

146 3896 221 3956 tura,
239 3895 268 3944 ut
287 3895 336 3958 ipsi
356 3895 504 3958 loquuntur,
525 3895 602 3947 tuisse
619 3897 758 3947 institutum
779 3896 810 3947 ad
829 3895 1030 3961 properandum
1043 3899 1207 3959 scariotem
1220 3896 1261 3947 iric

143 3971 248 4038 quiden
262 3974 352 4038 poterit
361 3985 487 4026 mannus
497 3988 527 4026 er
539 3976 629 4027 iimbus
638 3976 812 4039 institutionis,
822 3977 843 4027 si
855 3976 937 4041 iubet,
949 3976 1111 4040 matrimonii,
1120 3977 1164 4028 sed
1181 3989 1262 4040 neque

143 4054 236 4105 uutcm
255 4066 335 4118 neque
354 4054 485 4119 primarius
500 4057 543 4106 aut
557 4057 703 4122 praecipuus
714 4058 759 4107 est.
770 4057 839 4108 Finis
849 4057 1027 4122 primariurert
1038 4057 1196 4121 gignereDeo
1205 4057 1260 4108 ado

145 4134 242 4185 ratores
261 4136 286 4184 et
305 4133 382 4196 tilios,
405 4133 497 4185 bouum
514 4135 637 4186 societatis
651 4137 688 4187 eet
700 4136 887 4187 subordinatum
897 4135 940 4186 tini
953 4135 989 4187 ttti
1001 4135 1126 4198 primario.
1139 4136 1259 4194 Quocirca

144 4215 250 4278 permut
270 4215 296 4264 in
317 4226 363 4264 aua
382 4215 591 4277 argumentatione
606 4215 704 4278 quotics
719 4216 861 4280 supponunt
877 4216 969 4268 mrum
988 4215 1113 4268 recidatis
1123 4215 1195 4269 tinem
1208 4213 1260 4269 oe'ar

143 4293 306 4360 praecipuum
323 4294 470 4346 acaricum
488 4294 648 4346 institutionis
670 4294 813 4361 coniuratis.
