2804 5062
156 382 200 455 38
380 401 441 453 ars.
467 400 503 452 ιι.
528 367 615 450 sacr.
642 396 665 448 ι.
690 398 731 448 nn
752 393 877 448 rormr.
903 395 1029 447 meurs.

154 520 268 594 monio
284 518 436 593 doctrina
454 519 488 588 in
506 514 716 613 legislatione
731 512 968 587 matrimoniali
986 511 1154 610 gallicana
1165 528 1255 612 post·

152 662 253 736 quam
265 635 322 707 vir
340 659 400 733 per
411 631 580 732 publicam
598 655 708 703 rerum
725 629 875 702 omnium
891 627 1098 702 aversionem
1115 628 1168 701 vel
1183 628 1255 728 ipsa

153 751 271 848 religio
296 748 481 823 christiana
498 748 532 819 in
554 744 792 819 florentissimo
808 741 867 817 illo
892 769 994 841 regno
1011 769 1032 816 a
1048 742 1161 818 medio
1178 743 1259 816 sulr

152 864 219 938 lata
243 890 308 938 non
334 878 402 950 est,
422 889 483 962 per
507 888 629 935 novum
646 861 795 934 codicem
820 861 878 959 qui
905 875 984 932 tunc
1008 859 1171 958 temporis
1187 858 1259 933 edi·

152 994 206 1052 tus
223 977 297 1050 suit.
313 978 352 1048 ln
370 976 435 1050 hoc
452 978 541 1050 enim
558 974 673 1050 codice
690 974 743 1048 lex
760 973 969 1074 promulgata
986 988 1037 1046 est
1052 999 1109 1045 an.
1127 975 1256 1060 lita,

151 1117 239 1192 quae
255 1092 447 1189 coniugium
466 1107 622 1190 spectans
637 1107 674 1163 ut
685 1116 776 1163 mere
791 1089 925 1162 ciuilem
939 1105 1163 1175 contractum,
1179 1114 1259 1162 san-

151 1206 299 1280 ctitatem
323 1233 455 1281 omnem
481 1207 524 1280 ab
541 1233 580 1281 eo
598 1205 761 1292 removit,
789 1203 916 1278 nullum
932 1204 1068 1280 omnino
1085 1202 1130 1276 de
1151 1204 1259 1303 impe-

150 1320 309 1395 dimentis
334 1321 506 1396 canonicis
530 1321 691 1395 rationem
722 1318 864 1407 habuit,
897 1317 1154 1393 dissolutionem
1177 1345 1259 1393 eon·

150 1436 299 1511 nubialis
310 1436 437 1510 vinculi
459 1435 613 1535 pluribus
626 1437 662 1508 in
681 1433 817 1509 casibus
834 1433 1000 1508 adstruxit
1021 1435 1111 1529 (ti).
1126 1433 1258 1508 Deinde
1279 1433 1282 1436 ⁴

150 1549 355 1650 Napoleunis
380 1576 482 1649 opera
505 1574 627 1647 magna
647 1549 784 1648 quidem
801 1574 842 1621 ex
859 1563 954 1647 parte
972 1547 1177 1647 reipublicae
1200 1574 1257 1623 oo·

149 1664 214 1739 dex
238 1664 525 1752 emendatricem,
552 1680 779 1739 verumtamen
802 1679 835 1736 et
859 1664 932 1764 ipse
956 1688 1087 1737 omnem
1112 1664 1258 1738 auctori·

149 1795 250 1855 tatem
279 1780 541 1855 ecclesiasticam
567 1806 588 1854 a
612 1778 851 1854 matrimoniali
881 1778 1092 1876 legislatione
1122 1780 1257 1880 penitus

149 1893 309 1982 abstulit,
338 1896 620 1996 magistratusque
642 1892 759 1968 civiles
777 1891 858 1965 huic
882 1891 1014 1990 negotio
1038 1893 1138 1966 unico
1162 1919 1258 1992 prae·

150 2007 251 2094 iecit,
279 2007 473 2108 nullamque
498 2009 660 2084 rationem
685 2006 804 2081 habuit
821 2005 864 2080 de
881 2031 1047 2080 consensu
1063 2031 1176 2080 coram
1201 2032 1259 2106 pa-

148 2123 251 2196 rocho
275 2149 316 2196 ac
337 2123 470 2198 duobus
490 2123 633 2197 testibus
651 2148 692 2195 ex
713 2121 879 2196 catholica
895 2120 1046 2195 doctrina
1064 2121 1257 2220 praebendo

148 2234 191 2308 ad
216 2234 402 2335 legitimum
424 2235 659 2310 celebrandum
684 2236 903 2333 coniugium,
924 2236 1078 2336 adeoque
1101 2261 1188 2335 pure
1209 2236 1258 2310 ci-

146 2349 232 2438 vite,
262 2352 352 2452 quod
377 2367 518 2437 vocant,
547 2349 738 2448 coniugium
757 2351 889 2439 sanxit,
916 2351 1006 2452 quod
1024 2351 1207 2425 etiamnum
1221 2352 1255 2424 in

148 2462 268 2538 Galliis
285 2521 293 2551 ,
322 2464 413 2537 haud
430 2463 494 2538 levi
523 2463 694 2562 religionis
718 2463 918 2538 detrimento
935 2521 942 2552 ,
970 2479 1029 2538 aut
1046 2463 1165 2538 saltem
1182 2464 1256 2540 vul·

147 2602 247 2663 nere,
269 2577 359 2674 viget
382 2580 472 2674 (18).
751 2564 756 2574 ’

219 2690 311 2764 llaec
327 2691 445 2766 eudem
467 2694 634 2792 principia
652 2694 833 2768 launoiana
857 2710 891 2768 et
917 2694 1132 2794 pistoriensia
1149 2694 1186 2768 in
1204 2720 1256 2769 re-

214 2905 264 2967 (17)
278 2903 392 2955 staudtin
407 2905 433 2959 in
448 2918 489 2970 op.
505 2918 582 2968 gerru.
600 2908 720 2957 litatortc
734 2909 887 2972 ορίιιιοιιιιιιι
901 2911 927 2959 et
942 2907 1126 2959 doctrinarum
1140 2920 1210 2972 quoe
1223 2907 1258 2958 ds

146 2985 313 3036 matrimonio
329 2984 453 3048 prutctae
473 2987 545 3035 runt.
562 2984 691 3048 Gottingae
704 2992 773 3037 tete.
784 2985 901 3050 praefat.
921 2999 975 3050 pag.
987 2987 1055 3036 viil.
1074 2985 1174 3036 scribit:
1189 2989 1255 3036 «Pa-

145 3061 210 3115 risiis
219 3062 341 3128 pneribus
349 3066 387 3115 tt.
395 3062 519 3114 memtbus
530 3065 586 3128 pust
596 3063 672 3128 tegern
683 3076 723 3113 an.
733 3068 800 3115 1792.
809 3063 841 3115 de
852 3065 1009 3115 matrimonio
1018 3069 1087 3116 teat.
1098 3064 1256 3117 matrimoni·

145 3143 265 3196 dissoluta
275 3145 363 3195 sunta
1100 3186 1103 3192 ,

213 3225 263 3287 (tt)
279 3225 307 3273 ln
326 3223 474 3289 ephemerid.
501 3224 633 3287 germanio.
657 3222 772 3275 ecclesiae
795 3224 996 3275 Dsrmstatdieus.
1018 3237 1057 3274 an.
1082 3232 1150 3276 teta.
1172 3239 1198 3276 ιι.
1218 3230 1255 3278 ti.

143 3302 208 3353 cirea
219 3304 394 3367 legislationem
403 3305 435 3355 de
443 3304 551 3355 matrim.
562 3303 642 3368 gallic.
653 3303 850 3354 animadversum
862 3304 915 3354 iure
925 3307 973 3354 est:
984 3303 1123 3367 «legislatio
1133 3304 1255 3368 gallicana

143 3383 329 3434 matrirnoaium
345 3397 433 3448 pamm
455 3397 507 3435 esse
522 3385 673 3434 contractura
689 3382 786 3434 civilem
802 3384 870 3445 rata,
883 3383 982 3433 civilem
1000 3387 1084 3433 actura
1100 3384 1252 3446 praececinit.

146 3462 287 3512 Benedictio
297 3453 462 3514 ecelesiastica
476 3477 525 3514 non
534 3466 571 3514 est
580 3463 746 3526 praescripta,
759 3463 899 3529 nequerutlo
910 3461 984 3512 ruodo
997 3467 1053 3513 autc
1062 3465 1144 3512 actum
1156 3464 1255 3515 civilem

144 3539 196 3589 iteri
211 3539 292 3590 debet.
309 3543 357 3590 Res
376 3541 507 3592 theumtioe
526 3544 649 3606 spectata,
664 3543 698 3592 att
716 3542 817 3606 periculi
833 3541 922 3592 trabere
936 3541 1047 3603 ridetur,
1057 3541 1101 3592 sed
1114 3542 1136 3593 si
1147 3545 1256 3606 practice

142 3619 265 3682 spectetur
274 3618 356 3681 nagan
365 3631 415 3668 nun
425 3619 665 3684 potest‚dignitatanr
676 3623 701 3671 at
708 3621 862 3671 unctitatem
869 3620 1019 3671 matrimonii
1029 3621 1161 3672 marinam
1169 3623 1256 3674 teche

142 3698 269 3749 lecturam.
286 3699 468 3749 Matrimonium
479 3700 500 3749 si
517 3700 552 3750 nii
564 3703 601 3751 est
613 3700 660 3751 nisi
676 3702 817 3751 mntractus
826 3700 919 3762 civilis,
931 3700 1070 3752 institutam
1082 3702 1254 3754 tantummodo

143 3777 192 3830 art
207 3777 240 3828 ad
258 3777 404 3842 explendam
423 3777 573 3840 voluptatem
589 3780 615 3828 ct
634 3778 666 3828 ad
688 3780 863 3841 procreandam
885 3779 993 3843 prolum
1009 3779 1121 3843 nihilque
1138 3780 1252 3844 habeut,

145 3857 211 3920 quud
227 3857 337 3907 animum
352 3856 439 3906 efferre
455 3855 485 3906 ad
501 3856 589 3906 altiora
604 3859 681 3921 possit
698 3859 722 3907 in
738 3859 792 3921 ipro
807 3862 863 3909 actu
879 3859 1028 3910 matrimonii
1051 3859 1183 3910 meandi.»

152 3973 155 3979 ‚
211 3937 325 3987 &imum
341 3934 468 3987 historiam
483 3935 641 3999 motionis
658 3937 830 4001 napoleontcae
842 3938 940 3989 ubedus
953 3939 1067 4004 esposuit
1082 3941 1253 4003 momuitque

144 4015 266 4077 auum,
281 4019 320 4066 De
333 4017 519 4076 memoresto,
532 4018 612 4080 otqw
622 4019 725 4068 rcttcne
737 4029 806 4082 quoe
820 4021 845 4068 st
860 4020 1038 4070 cumctuttcte
1049 4020 1075 4069 et
1085 4012 1194 4070 scalmo
1212 4023 1250 4071 ta·

143 4093 260 4149 tercedtt.
273 4095 370 4159 Lipsiae
383 4102 450 4147 teto.
462 4109 517 4160 paq.
536 4100 565 4147 ta
576 4109 646 4160 seqq.

210 4173 251 4224 cr.
266 4173 410 4237 austeram
424 4188 464 4239 op.
482 4175 526 4225 cit.
547 4178 584 4225 De
599 4176 714 4225 nrotrtm.
733 4177 761 4226 tra
774 4175 884 4227 certata
893 4176 963 4227 cutis.
977 4179 1037 4226 tom.
1051 4179 1071 4226 1.
1082 4177 1127 4240 qai
1142 4178 1196 4229 inse
1211 4191 1250 4228 er·

144 4251 229 4316 ponit,
240 4264 303 4314 quse
320 4266 365 4303 nos
377 4253 402 4303 in
421 4254 593 4318 compendium
604 4253 741 4319 redegimus
755 4256 890 4321 spectantia
904 4256 936 4307 ad
952 4271 1067 4321 praesen
1080 4261 1249 4322 ammentum

142 4330 286 4384 historicum
298 4331 470 4398 &mimneac
480 4347 608 4400 pesam
620 4335 1247 4402 noraedoetrtaaecireaimpeiiraentadiriraentia
