2804 5062
217 381 282 430 w.
293 381 340 429 ΙΙΙ.
350 380 390 430 ce
403 380 491 429 sect.
501 380 626 429 POTBST.
639 380 718 430 otor.
728 381 758 430 ΙΝ
771 382 836 431 tur.
846 382 939 431 ffllt.
950 381 1013 431 otu.
1025 384 1093 432 cer.
1102 383 1148 433 nt.
1180 362 1247 432 ¹¹5

151 498 231 572 illius
256 496 493 598 reprobatione
524 513 654 571 constat
683 525 721 570 ex
749 498 906 571 decretali
939 499 973 569 in
1001 500 1101 571 Clam.
1128 500 1178 575 Ne
1202 530 1251 574 ru·

146 616 272 698 aare,
300 612 341 685 dc
370 607 460 685 elect.
489 612 617 711 inqua
648 613 803 687 Clemens
824 613 860 685 v.
890 639 964 686 cum
994 615 1246 712 praemisisset:

149 731 258 814 «llos,
288 729 528 812 interemere,
558 729 738 827 praecipue
763 728 971 802 attendentes
998 729 1088 827 quod
1115 730 1166 802 lex
1193 759 1251 803 su·

144 843 281 944 penoris
301 869 363 942 per
388 842 579 918 inferiorem
605 843 676 916 tolli
695 870 762 917 non
789 860 917 942 potest:
937 875 955 912 a
983 844 1131 918 declarat
1151 847 1197 919 ita
1215 848 1250 918 id

143 958 418 1056 intelligendum,
447 975 485 1032 ut
509 975 654 1059 nequeat
671 959 712 1031 cb
738 960 889 1057 inferiori
909 962 1046 1057 eorriqi,
1068 961 1119 1032 ccl
1137 963 1251 1034 immo·

142 1077 220 1157 tori,
244 1074 299 1146 vel
322 1073 509 1172 dispensari
525 1073 760 1172 quomodolibet
782 1077 870 1147 circo
896 1078 1002 1171 ipsam
1023 1103 1079 1148 seu
1104 1077 1251 1174 aliquem

140 1193 204 1261 aius
212 1202 358 1287 portem.
379 1189 452 1262 lloc
464 1188 577 1288 ipsum
596 1187 739 1262 efficitur
754 1189 787 1260 in
801 1204 973 1286 cctraooq.
992 1190 1125 1263 loannis
1143 1191 1245 1262 llllll.

143 1305 174 1376 in
192 1329 270 1405 cap.
289 1305 415 1377 Sancto
439 1329 575 1377 romono
595 1303 633 1375 da
655 1305 818 1401 reliqiosis
831 1303 997 1389 domibus,
1021 1304 1078 1377 ubi
1105 1304 1244 1402 legitur:

144 1419 317 1506 «Quidam
336 1434 448 1493 autem
471 1446 586 1494 eorum
608 1418 734 1493 dictum
753 1419 926 1507 habitum,
946 1438 979 1493 et
995 1421 1131 1495 vivendi
1149 1422 1249 1494 ritum

142 1561 161 1606 a
176 1533 383 1635 quibusdam
399 1535 588 1634 episcopis,
617 1561 678 1608 seu
694 1561 809 1608 eorum
829 1537 1081 1635 superioribus,
1101 1535 1154 1609 rel
1172 1536 1249 1609 aliis

144 1649 356 1723 ecclesiarum
383 1648 540 1749 praelatis
572 1648 735 1723 habuisse
768 1650 987 1748 profitentur,
1016 1677 1095 1749 quos
1120 1677 1176 1723 aec
1202 1654 1248 1724 eir

145 1763 305 1837 concedere
325 1765 419 1837 libuit
430 1780 550 1839 emim
566 1767 706 1864 sormam
723 1768 855 1838 concilii
869 1767 1031 1862 poneretis
1042 1796 1075 1850 ,·»
1097 1768 1131 1839 in
1149 1793 1249 1865 quem

146 1876 242 1952 boum
261 1895 352 1952 recte
369 1877 506 1953 adnotat
521 1878 640 1954 Glossa
658 1879 722 1952 litt.
747 1878 792 1952 Ν.
825 1881 926 1953 «Non
951 1879 1028 1952 licet
1051 1880 1153 1976 igitur
1175 1881 1248 1978 api·
1296 1886 1305 1901 '

147 1995 248 2094 scopis
266 2009 384 2068 contra
401 1993 637 2068 inhibitionem
662 1994 829 2092 generalis
855 1994 988 2068 concilii
1015 1996 1143 2081 lacere,
1171 2021 1248 2068 cum

147 2110 205 2182 rint
223 2107 383 2184 adstricti
400 2110 443 2182 ad
461 2109 707 2185 observantiam
725 2136 891 2184 canonum
913 2114 1002 2205 (63).
1021 2140 1039 2180 a
1056 2111 1104 2183 llx
1122 2110 1248 2210 quibus

147 2223 282 2325 aliisque
298 2224 465 2298 eiusmodi
483 2225 567 2298 iuris
585 2225 728 2300 textibus
756 2242 845 2326 patet
863 2251 922 2323 pro
939 2243 1030 2299 certo
1047 2225 1176 2312 haberi,
1193 2228 1245 2298 in-

147 2337 294 2426 feriores,
314 2338 468 2439 adeoque
491 2339 670 2439 episcopos
693 2359 847 2440 respectu
864 2341 997 2415 concilii
1015 2339 1180 2437 generalis
1197 2359 1247 2415 at-

146 2481 201 2554 qua
226 2457 360 2532 romani
386 2456 557 2555 pontilicis
575 2457 703 2531 tamdiu
725 2459 827 2531 teneri
854 2458 898 2530 ad
920 2457 1184 2532 observationem
1203 2458 1247 2530 lo·

145 2596 238 2667 qum,
277 2571 443 2672 quamdin
467 2597 488 2644 a
513 2571 685 2671 superiore
717 2598 874 2673 expresse
904 2599 969 2646 non
1003 2571 1103 2646 luerit
1127 2570 1247 2646 collata

145 2687 280 2763 boultas
298 2688 500 2762 immutandi
519 2689 692 2787 quidpiam
720 2706 778 2761 aut
800 2688 1035 2788 dispensandi.
1062 2688 1145 2762 Cum
1169 2716 1248 2763 vero

146 2807 296 2905 nuspiam
323 2830 363 2877 ac
389 2831 572 2904 numquam
590 2804 662 2878 siue
686 2831 705 2877 a
728 2804 881 2878 conciliis
899 2805 1121 2879 oecumenicis
1139 2806 1249 2880 sicea

146 2921 285 2995 mmanis
303 2919 521 3020 pontificibus
539 2919 681 2993 facultas
698 2920 918 3017 dispensandi
940 2919 984 2992 ab
1001 2921 1248 3020 impedimentis

144 3033 399 3108 connubialibus
423 3059 585 3107 concessa
603 3033 720 3119 luerit,
742 3034 843 3107 immo
868 3061 944 3106 eum
962 3061 1045 3107 rom.
1073 3033 1248 3132 pontifices

145 3174 201 3221 non
228 3147 401 3222 semelae
427 3147 567 3221 solemni
593 3148 703 3246 potius
730 3147 856 3220 ratione
879 3147 1042 3219 adversus
1070 3144 1248 3219 nonnullos

145 3261 250 3337 bacin
270 3290 308 3335 re
325 3262 453 3336 abusus
472 3263 644 3362 protestati
671 3261 815 3348 luerint,
836 3287 1047 3360 consequens
1065 3276 1174 3333 estex
1193 3287 1249 3359 pa-

146 3379 255 3452 telacto
275 3378 444 3477 principio
473 3376 563 3452 nullo
589 3377 725 3450 omnino
744 3394 839 3474 pacto
867 3401 968 3475 posse
993 3376 1170 3475 episcopos
1196 3375 1249 3447 ius

146 3491 224 3566 istud
251 3493 320 3566 sibi
345 3519 515 3589 arrogare.

209 3607 313 3680 Aliud
339 3607 544 3706 principium
563 3606 620 3679 alii
642 3633 761 3703 urgere
788 3605 914 3690 solent,
944 3633 1064 3705 nempe
1088 3606 1248 3704 praescri·

144 3723 278 3816 ptionis,
298 3723 449 3795 vionius
476 3738 619 3821 possunt
643 3722 814 3821 episcopi,
843 3722 901 3821 qui
923 3720 965 3794 ab
992 3720 1245 3794 immemorabili

147 3835 174 3907 id
192 3839 302 3912 lacere
318 3854 582 3923 consueverunt,
610 3838 743 3910 veniam
757 3837 938 3910 concedere
955 3854 991 3911 ut
1008 3836 1156 3932 legitime
1167 3861 1247 3907 con-

148 3950 313 4025 trahantur
341 3951 496 4048 coniugia
522 3951 646 4052 quibus
666 3951 776 4023 obstat
802 3949 1077 4050 impedimentum
1102 3973 1245 4020 consan-

149 4067 307 4157 guinitatis
334 4067 370 4138 in
397 4065 508 4152 tertio,
529 4082 587 4139 aut
607 4065 724 4139 saltem
745 4083 865 4164 quarto
882 4065 1001 4162 gradu.
1032 4063 1074 4135 Hi
1102 4063 1248 4162 prolecto

151 4186 271 4278 proprio
299 4183 372 4254 iure
397 4181 485 4254 hanc
510 4180 700 4253 laeultatem
732 4181 903 4266 tribuunt;
927 4180 1085 4279 quocirca
1120 4179 1255 4252 romani*

205 4338 252 4394 ξω]
268 4333 340 4396 apud
359 4330 449 4382 benet.
465 4335 528 4382 xrt‘.
550 4335 588 4383 Dc
599 4331 696 4394 synodo
717 4332 759 4383 tib.
775 4333 814 4383 ΙΧ.
829 4345 882 4395 cap.
896 4334 916 4383 t.
931 4345 957 4383 n.
973 4335 996 4383 7.
1178 4408 1199 4452 ἥ
