<?xml version="1.0" encoding="UTF-8"?>
<!DOCTYPE html PUBLIC "-//W3C//DTD XHTML 1.0 Transitional//EN"
    "http://www.w3.org/TR/xhtml1/DTD/xhtml1-transitional.dtd">
<html xmlns="http://www.w3.org/1999/xhtml" xml:lang="en" lang="en">
 <head>
  <title>
</title>
<meta http-equiv="Content-Type" content="text/html;charset=utf-8" />
  <meta name='ocr-system' content='tesseract 3.04.00' />
  <meta name='ocr-capabilities' content='ocr_page ocr_carea ocr_par ocr_line ocrx_word'/>
</head>
<body>
  <div class='ocr_page' id='page_1' title='image "./dematrimoniochr02perrgoog_0296.png"; bbox 0 0 2804 5062; ppageno 0'>
   <div class='ocr_carea' id='block_1_1' title="bbox 142 364 1202 439">
    <p class='ocr_par' dir='ltr' id='par_1_1' title="bbox 142 364 1202 439">
     <span class='ocr_line' id='line_1_1' title="bbox 142 364 1202 439; baseline 0.004 -5"><span class='ocrx_word' id='word_1_1' title='bbox 142 381 955 439; x_wconf 62' lang='lat' dir='ltr'><strong>mvii·DBUATR.1NF1D.CUHFIDEL.mim-SE·</strong></span> <span class='ocrx_word' id='word_1_2' title='bbox 973 387 1043 437; x_wconf 73' lang='lat' dir='ltr'><strong>ffl-</strong></span> <span class='ocrx_word' id='word_1_3' title='bbox 1056 390 1078 438; x_wconf 89' lang='grc' dir='ltr'><strong>Ι.</strong></span> <span class='ocrx_word' id='word_1_4' title='bbox 1133 364 1202 438; x_wconf 63' lang='lat'><strong>297</strong></span> 
     </span>
    </p>
   </div>
   <div class='ocr_carea' id='block_1_2' title="bbox 123 500 1205 4176">
    <p class='ocr_par' dir='ltr' id='par_1_2' title="bbox 123 500 1205 2886">
     <span class='ocr_line' id='line_1_2' title="bbox 123 500 1202 605; baseline 0.01 -32"><span class='ocrx_word' id='word_1_5' title='bbox 123 528 131 573; x_wconf 91' lang='grc' dir='ltr'>ι</span> <span class='ocrx_word' id='word_1_6' title='bbox 152 527 322 579; x_wconf 88' lang='lat' dir='ltr'><strong>consensu</strong></span> <span class='ocrx_word' id='word_1_7' title='bbox 347 500 534 576; x_wconf 84' lang='lat' dir='ltr'><strong>infidelium</strong></span> <span class='ocrx_word' id='word_1_8' title='bbox 547 529 587 576; x_wconf 88' lang='lat' dir='ltr'><strong>ex</strong></span> <span class='ocrx_word' id='word_1_9' title='bbox 601 528 668 605; x_wconf 88' lang='lat' dir='ltr'><strong>quo</strong></span> <span class='ocrx_word' id='word_1_10' title='bbox 681 507 811 603; x_wconf 81' lang='lat' dir='ltr'>exurgit</span> <span class='ocrx_word' id='word_1_11' title='bbox 831 521 1021 581; x_wconf 87' lang='lat' dir='ltr'><strong>contractus</strong></span> <span class='ocrx_word' id='word_1_12' title='bbox 1040 507 1202 584; x_wconf 85' lang='lat' dir='ltr'><strong>naturalis</strong></span> 
     </span>
     <span class='ocr_line' id='line_1_3' title="bbox 123 611 1204 724; baseline 0.002 -28"><span class='ocrx_word' id='word_1_13' title='bbox 123 621 298 698; x_wconf 84' lang='lat' dir='ltr'><strong>ntrimonii</strong></span> <span class='ocrx_word' id='word_1_14' title='bbox 321 621 356 691; x_wconf 92' lang='lat' dir='ltr'><strong>in</strong></span> <span class='ocrx_word' id='word_1_15' title='bbox 376 616 574 694; x_wconf 88' lang='lat' dir='ltr'><strong>infidelitate</strong></span> <span class='ocrx_word' id='word_1_16' title='bbox 591 620 685 708; x_wconf 89' lang='lat' dir='ltr'><strong>initi,</strong></span> <span class='ocrx_word' id='word_1_17' title='bbox 706 637 743 694; x_wconf 88' lang='lat' dir='ltr'><strong>ut</strong></span> <span class='ocrx_word' id='word_1_18' title='bbox 761 647 821 721; x_wconf 92' lang='lat' dir='ltr'><strong>per</strong></span> <span class='ocrx_word' id='word_1_19' title='bbox 838 648 875 695; x_wconf 92' lang='lat' dir='ltr'><strong>se</strong></span> <span class='ocrx_word' id='word_1_20' title='bbox 892 637 992 721; x_wconf 88' lang='lat' dir='ltr'><strong>patet.</strong></span> <span class='ocrx_word' id='word_1_21' title='bbox 1010 622 1075 696; x_wconf 89' lang='lat' dir='ltr'><strong>Sed</strong></span> <span class='ocrx_word' id='word_1_22' title='bbox 1093 611 1204 724; x_wconf 84' lang='lat' dir='ltr'><strong>neque</strong></span> 
     </span>
     <span class='ocr_line' id='line_1_4' title="bbox 123 726 1203 836; baseline 0.003 -27"><span class='ocrx_word' id='word_1_23' title='bbox 123 761 255 834; x_wconf 83' lang='lat' dir='ltr'><strong>rurgere</strong></span> <span class='ocrx_word' id='word_1_24' title='bbox 281 751 393 834; x_wconf 90' lang='lat' dir='ltr'><strong>potest</strong></span> <span class='ocrx_word' id='word_1_25' title='bbox 417 761 457 808; x_wconf 86' lang='lat' dir='ltr'><strong>ex</strong></span> <span class='ocrx_word' id='word_1_26' title='bbox 483 761 671 822; x_wconf 88' lang='lat' dir='ltr'><strong>consensu,</strong></span> <span class='ocrx_word' id='word_1_27' title='bbox 702 735 760 835; x_wconf 91' lang='lat' dir='ltr'><strong>qui</strong></span> <span class='ocrx_word' id='word_1_28' title='bbox 793 752 868 836; x_wconf 93' lang='lat' dir='ltr'><strong>post</strong></span> <span class='ocrx_word' id='word_1_29' title='bbox 897 726 1122 835; x_wconf 85' lang='lat' dir='ltr'><strong>baptismum,¹</strong></span> <span class='ocrx_word' id='word_1_30' title='bbox 1150 738 1203 812; x_wconf 84' lang='lat' dir='ltr'><strong>vei</strong></span> 
     </span>
     <span class='ocr_line' id='line_1_5' title="bbox 123 850 1205 951; baseline 0.006 -29"><span class='ocrx_word' id='word_1_31' title='bbox 123 851 222 949; x_wconf 74' lang='lat' dir='ltr'><strong>ripsa</strong></span> <span class='ocrx_word' id='word_1_32' title='bbox 239 851 456 948; x_wconf 82' lang='lat' dir='ltr'><strong>susceptione</strong></span> <span class='ocrx_word' id='word_1_33' title='bbox 473 850 631 950; x_wconf 81' lang='lat' dir='ltr'>baptismi</span> <span class='ocrx_word' id='word_1_34' title='bbox 650 851 852 951; x_wconf 77' lang='lat' dir='ltr'>praebetur,</span> <span class='ocrx_word' id='word_1_35' title='bbox 876 853 958 950; x_wconf 89' lang='lat' dir='ltr'><strong>quia</strong></span> <span class='ocrx_word' id='word_1_36' title='bbox 981 878 1041 951; x_wconf 90' lang='lat' dir='ltr'><strong>per</strong></span> <span class='ocrx_word' id='word_1_37' title='bbox 1065 855 1205 929; x_wconf 83' lang='lat' dir='ltr'><strong>anterio</strong></span> 
     </span>
     <span class='ocr_line' id='line_1_6' title="bbox 123 967 1202 1070; baseline 0.004 -30"><span class='ocrx_word' id='word_1_38' title='bbox 123 992 161 1040; x_wconf 88' lang='lat' dir='ltr'><strong>nn</strong></span> <span class='ocrx_word' id='word_1_39' title='bbox 188 992 392 1041; x_wconf 89' lang='lat' dir='ltr'><strong>consensum</strong></span> <span class='ocrx_word' id='word_1_40' title='bbox 417 982 608 1042; x_wconf 87' lang='lat' dir='ltr'><strong>contractus</strong></span> <span class='ocrx_word' id='word_1_41' title='bbox 631 968 699 1040; x_wconf 88' lang='lat' dir='ltr'><strong>iam</strong></span> <span class='ocrx_word' id='word_1_42' title='bbox 724 967 862 1041; x_wconf 82' lang='lat' dir='ltr'><strong>effectus</strong></span> <span class='ocrx_word' id='word_1_43' title='bbox 883 983 955 1055; x_wconf 89' lang='lat' dir='ltr'><strong>est,</strong></span> <span class='ocrx_word' id='word_1_44' title='bbox 978 992 1041 1042; x_wconf 88' lang='lat' dir='ltr'><strong>nec</strong></span> <span class='ocrx_word' id='word_1_45' title='bbox 1058 968 1202 1070; x_wconf 89' lang='lat' dir='ltr'><strong>amplius</strong></span> 
     </span>
     <span class='ocr_line' id='line_1_7' title="bbox 123 1082 1203 1183; baseline 0.002 -27"><span class='ocrx_word' id='word_1_46' title='bbox 123 1096 204 1156; x_wconf 73' lang='lat' dir='ltr'><strong>otest</strong></span> <span class='ocrx_word' id='word_1_47' title='bbox 228 1107 307 1155; x_wconf 88' lang='lat' dir='ltr'><strong>esse</strong></span> <span class='ocrx_word' id='word_1_48' title='bbox 330 1082 715 1169; x_wconf 83' lang='lat' dir='ltr'><strong>materia-sacramenti,</strong></span> <span class='ocrx_word' id='word_1_49' title='bbox 740 1082 831 1183; x_wconf 89' lang='lat' dir='ltr'><strong>quod</strong></span> <span class='ocrx_word' id='word_1_50' title='bbox 853 1084 886 1155; x_wconf 90' lang='lat' dir='ltr'><strong>in</strong></span> <span class='ocrx_word' id='word_1_51' title='bbox 909 1099 985 1157; x_wconf 85' lang='lat' dir='ltr'><strong>actu</strong></span> <span class='ocrx_word' id='word_1_52' title='bbox 1011 1099 1203 1159; x_wconf 77' lang='lat' dir='ltr'><strong>transeunte</strong></span> 
     </span>
     <span class='ocr_line' id='line_1_8' title="bbox 123 1188 1203 1300; baseline 0.001 -28"><span class='ocrx_word' id='word_1_53' title='bbox 123 1198 248 1272; x_wconf 73' lang='lat' dir='ltr'><strong>insistit</strong></span> <span class='ocrx_word' id='word_1_54' title='bbox 270 1223 330 1272; x_wconf 90' lang='lat' dir='ltr'><strong>seu</strong></span> <span class='ocrx_word' id='word_1_55' title='bbox 355 1197 510 1272; x_wconf 86' lang='lat' dir='ltr'><strong>efficitur.</strong></span> <span class='ocrx_word' id='word_1_56' title='bbox 540 1198 606 1285; x_wconf 84' lang='lat' dir='ltr'><strong>Qui</strong></span> <span class='ocrx_word' id='word_1_57' title='bbox 632 1200 722 1273; x_wconf 89' lang='lat' dir='ltr'><strong>enim</strong></span> <span class='ocrx_word' id='word_1_58' title='bbox 747 1197 850 1273; x_wconf 88' lang='lat' dir='ltr'><strong>semel</strong></span> <span class='ocrx_word' id='word_1_59' title='bbox 876 1198 1005 1300; x_wconf 83' lang='lat' dir='ltr'><strong>aliquid</strong></span> <span class='ocrx_word' id='word_1_60' title='bbox 1030 1188 1132 1274; x_wconf 86' lang='lat' dir='ltr'><strong>alicui</strong></span> <span class='ocrx_word' id='word_1_61' title='bbox 1157 1202 1203 1273; x_wconf 91' lang='lat' dir='ltr'><strong>ir·</strong></span> 
     </span>
     <span class='ocr_line' id='line_1_9' title="bbox 123 1312 1202 1414; baseline 0.003 -26"><span class='ocrx_word' id='word_1_62' title='bbox 123 1312 275 1389; x_wconf 80' lang='lat' dir='ltr'><strong>uucabili</strong></span> <span class='ocrx_word' id='word_1_63' title='bbox 301 1340 440 1414; x_wconf 88' lang='lat' dir='ltr'><strong>prorsus</strong></span> <span class='ocrx_word' id='word_1_64' title='bbox 466 1315 594 1389; x_wconf 89' lang='lat' dir='ltr'><strong>ratione</strong></span> <span class='ocrx_word' id='word_1_65' title='bbox 618 1314 775 1402; x_wconf 85' lang='lat' dir='ltr'><strong>donarit,</strong></span> <span class='ocrx_word' id='word_1_66' title='bbox 797 1316 832 1387; x_wconf 92' lang='lat' dir='ltr'><strong>in</strong></span> <span class='ocrx_word' id='word_1_67' title='bbox 854 1316 927 1389; x_wconf 89' lang='lat' dir='ltr'><strong>eius</strong></span> <span class='ocrx_word' id='word_1_68' title='bbox 954 1330 1115 1414; x_wconf 85' lang='lat' dir='ltr'><strong>potestate</strong></span> <span class='ocrx_word' id='word_1_69' title='bbox 1132 1342 1202 1390; x_wconf 87' lang='lat' dir='ltr'><strong>am·</strong></span> 
     </span>
     <span class='ocr_line' id='line_1_10' title="bbox 123 1429 1203 1518; baseline 0.006 -17"><span class='ocrx_word' id='word_1_70' title='bbox 123 1430 183 1505; x_wconf 73' lang='lat' dir='ltr'><strong>‚ius</strong></span> <span class='ocrx_word' id='word_1_71' title='bbox 201 1446 340 1504; x_wconf 89' lang='lat' dir='ltr'><strong>nonest</strong></span> <span class='ocrx_word' id='word_1_72' title='bbox 361 1429 443 1504; x_wconf 86' lang='lat' dir='ltr'><strong>iilud</strong></span> <span class='ocrx_word' id='word_1_73' title='bbox 461 1433 580 1505; x_wconf 90' lang='lat' dir='ltr'><strong>iterum</strong></span> <span class='ocrx_word' id='word_1_74' title='bbox 602 1430 746 1518; x_wconf 80' lang='lat' dir='ltr'><strong>donare3</strong></span> <span class='ocrx_word' id='word_1_75' title='bbox 770 1430 848 1505; x_wconf 91' lang='lat' dir='ltr'><strong>talis</strong></span> <span class='ocrx_word' id='word_1_76' title='bbox 870 1440 1051 1506; x_wconf 73' lang='lat' dir='ltr'><strong>autem&#39;est</strong></span> <span class='ocrx_word' id='word_1_77' title='bbox 1068 1432 1203 1507; x_wconf 88' lang='lat' dir='ltr'><strong>traditio</strong></span> 
     </span>
     <span class='ocr_line' id='line_1_11' title="bbox 123 1544 1204 1646; baseline 0 -27"><span class='ocrx_word' id='word_1_78' title='bbox 123 1570 193 1619; x_wconf 81' lang='lat' dir='ltr'><strong>tarn</strong></span> <span class='ocrx_word' id='word_1_79' title='bbox 220 1544 304 1619; x_wconf 85' lang='lat' dir='ltr'><strong>alter</strong></span> <span class='ocrx_word' id='word_1_80' title='bbox 329 1546 509 1643; x_wconf 80' lang='lat' dir='ltr'><strong>coniugum</strong></span> <span class='ocrx_word' id='word_1_81' title='bbox 541 1546 636 1619; x_wconf 89' lang='lat' dir='ltr'><strong>alteri</strong></span> <span class='ocrx_word' id='word_1_82' title='bbox 670 1545 747 1620; x_wconf 84' lang='lat' dir='ltr'><strong>iecit</strong></span> <span class='ocrx_word' id='word_1_83' title='bbox 779 1547 929 1646; x_wconf 90' lang='lat' dir='ltr'><strong>corporis</strong></span> <span class='ocrx_word' id='word_1_84' title='bbox 955 1547 1009 1621; x_wconf 92' lang='lat' dir='ltr'><strong>sui</strong></span> <span class='ocrx_word' id='word_1_85' title='bbox 1034 1572 1095 1646; x_wconf 93' lang='lat' dir='ltr'><strong>per</strong></span> <span class='ocrx_word' id='word_1_86' title='bbox 1123 1571 1204 1622; x_wconf 91' lang='lat' dir='ltr'><strong>con-</strong></span> 
     </span>
     <span class='ocr_line' id='line_1_12' title="bbox 123 1659 1203 1759; baseline 0 -23"><span class='ocrx_word' id='word_1_87' title='bbox 123 1677 234 1737; x_wconf 83' lang='lat' dir='ltr'><strong>nctum</strong></span> <span class='ocrx_word' id='word_1_88' title='bbox 257 1660 464 1759; x_wconf 80' lang='lat' dir='ltr'><strong>coniugalem</strong></span> <span class='ocrx_word' id='word_1_89' title='bbox 487 1662 586 1734; x_wconf 89' lang='lat' dir='ltr'><strong>etiam</strong></span> <span class='ocrx_word' id='word_1_90' title='bbox 605 1662 640 1732; x_wconf 92' lang='lat' dir='ltr'><strong>in</strong></span> <span class='ocrx_word' id='word_1_91' title='bbox 664 1659 859 1734; x_wconf 85' lang='lat' dir='ltr'><strong>infidelitate</strong></span> <span class='ocrx_word' id='word_1_92' title='bbox 876 1660 1090 1734; x_wconf 90' lang='lat' dir='ltr'><strong>celebratum.</strong></span> <span class='ocrx_word' id='word_1_93' title='bbox 1112 1660 1203 1736; x_wconf 86' lang='lat' dir='ltr'><strong>Haeo</strong></span> 
     </span>
     <span class='ocr_line' id='line_1_13' title="bbox 123 1773 1204 1849; baseline 0 0"><span class='ocrx_word' id='word_1_94' title='bbox 123 1774 355 1849; x_wconf 83' lang='lat' dir='ltr'><strong>udamentalis</strong></span> <span class='ocrx_word' id='word_1_95' title='bbox 377 1790 429 1848; x_wconf 91' lang='lat' dir='ltr'><strong>est</strong></span> <span class='ocrx_word' id='word_1_96' title='bbox 453 1774 537 1848; x_wconf 86' lang='lat' dir='ltr'><strong>ratio</strong></span> <span class='ocrx_word' id='word_1_97' title='bbox 564 1775 618 1848; x_wconf 88' lang='lat' dir='ltr'><strong>cui</strong></span> <span class='ocrx_word' id='word_1_98' title='bbox 639 1773 722 1848; x_wconf 86' lang='lat' dir='ltr'><strong>alius</strong></span> <span class='ocrx_word' id='word_1_99' title='bbox 741 1774 944 1848; x_wconf 88' lang='lat' dir='ltr'><strong>subnectunt</strong></span> <span class='ocrx_word' id='word_1_100' title='bbox 965 1773 1067 1847; x_wconf 89' lang='lat' dir='ltr'><strong>iidem</strong></span> <span class='ocrx_word' id='word_1_101' title='bbox 1094 1791 1204 1849; x_wconf 78' lang='lat' dir='ltr'><strong>aucte</strong></span> 
     </span>
     <span class='ocr_line' id='line_1_14' title="bbox 123 1889 1202 1990; baseline -0.003 -24"><span class='ocrx_word' id='word_1_102' title='bbox 123 1916 145 1966; x_wconf 68' lang='lat' dir='ltr'><strong>e</strong></span> <span class='ocrx_word' id='word_1_103' title='bbox 172 1893 272 1987; x_wconf 89' lang='lat'>(11);</span> <span class='ocrx_word' id='word_1_104' title='bbox 303 1916 424 1989; x_wconf 91' lang='lat' dir='ltr'><strong>nempe</strong></span> <span class='ocrx_word' id='word_1_105' title='bbox 449 1890 539 1990; x_wconf 91' lang='lat' dir='ltr'><strong>quod</strong></span> <span class='ocrx_word' id='word_1_106' title='bbox 563 1892 670 1964; x_wconf 87' lang='lat' dir='ltr'><strong>maior</strong></span> <span class='ocrx_word' id='word_1_107' title='bbox 695 1891 835 1964; x_wconf 80' lang='lat' dir='ltr'><strong>firmitas</strong></span> <span class='ocrx_word' id='word_1_108' title='bbox 860 1889 1010 1976; x_wconf 81' lang='lat' dir='ltr'>vinculi,</span> <span class='ocrx_word' id='word_1_109' title='bbox 1042 1915 1132 1989; x_wconf 90' lang='lat' dir='ltr'><strong>quae</strong></span> <span class='ocrx_word' id='word_1_110' title='bbox 1160 1915 1202 1963; x_wconf 84' lang='lat' dir='ltr'><strong>ex</strong></span> 
     </span>
     <span class='ocr_line' id='line_1_15' title="bbox 123 2004 1202 2106; baseline -0.005 -23"><span class='ocrx_word' id='word_1_111' title='bbox 123 2007 262 2106; x_wconf 76' lang='lat' dir='ltr'><strong>iptismo</strong></span> <span class='ocrx_word' id='word_1_112' title='bbox 285 2006 414 2102; x_wconf 82' lang='lat' dir='ltr'><strong>exurgit</strong></span> <span class='ocrx_word' id='word_1_113' title='bbox 431 2030 498 2079; x_wconf 92' lang='lat' dir='ltr'><strong>non</strong></span> <span class='ocrx_word' id='word_1_114' title='bbox 515 2004 639 2079; x_wconf 84' lang='lat' dir='ltr'><strong>efficiat</strong></span> <span class='ocrx_word' id='word_1_115' title='bbox 656 2032 715 2080; x_wconf 89' lang='lat' dir='ltr'><strong>seu</strong></span> <span class='ocrx_word' id='word_1_116' title='bbox 734 2005 913 2078; x_wconf 86' lang='lat' dir='ltr'><strong>constituat</strong></span> <span class='ocrx_word' id='word_1_117' title='bbox 937 2004 1095 2078; x_wconf 88' lang='lat' dir='ltr'><strong>connubii</strong></span> <span class='ocrx_word' id='word_1_118' title='bbox 1112 2004 1202 2078; x_wconf 92' lang='lat' dir='ltr'><strong>chri·</strong></span> 
     </span>
     <span class='ocr_line' id='line_1_16' title="bbox 123 2118 1202 2218; baseline 0.002 -26"><span class='ocrx_word' id='word_1_119' title='bbox 123 2120 197 2195; x_wconf 86' lang='lat' dir='ltr'><strong>iani</strong></span> <span class='ocrx_word' id='word_1_120' title='bbox 218 2120 415 2205; x_wconf 83' lang='lat' dir='ltr'><strong>materiam3</strong></span> <span class='ocrx_word' id='word_1_121' title='bbox 437 2119 605 2218; x_wconf 91' lang='lat' dir='ltr'><strong>siquidem</strong></span> <span class='ocrx_word' id='word_1_122' title='bbox 625 2118 795 2193; x_wconf 84' lang='lat' dir='ltr'><strong>vinculum</strong></span> <span class='ocrx_word' id='word_1_123' title='bbox 821 2134 872 2192; x_wconf 91' lang='lat' dir='ltr'><strong>est</strong></span> <span class='ocrx_word' id='word_1_124' title='bbox 896 2119 1034 2193; x_wconf 82' lang='lat' dir='ltr'><strong>effectus</strong></span> <span class='ocrx_word' id='word_1_125' title='bbox 1059 2145 1202 2195; x_wconf 88' lang='lat' dir='ltr'><strong>consen·</strong></span> 
     </span>
     <span class='ocr_line' id='line_1_17' title="bbox 123 2232 1202 2332; baseline 0 -24"><span class='ocrx_word' id='word_1_126' title='bbox 123 2259 151 2308; x_wconf 85' lang='lat' dir='ltr'><strong>rs</strong></span> <span class='ocrx_word' id='word_1_127' title='bbox 174 2232 354 2308; x_wconf 80' lang='lat' dir='ltr'><strong>anterioris</strong></span> <span class='ocrx_word' id='word_1_128' title='bbox 379 2233 447 2306; x_wconf 87' lang='lat' dir='ltr'><strong>iam</strong></span> <span class='ocrx_word' id='word_1_129' title='bbox 473 2234 645 2332; x_wconf 90' lang='lat' dir='ltr'><strong>praestiti,</strong></span> <span class='ocrx_word' id='word_1_130' title='bbox 667 2248 699 2306; x_wconf 90' lang='lat' dir='ltr'><strong>et</strong></span> <span class='ocrx_word' id='word_1_131' title='bbox 724 2232 862 2331; x_wconf 85' lang='lat' dir='ltr'>proinde</span> <span class='ocrx_word' id='word_1_132' title='bbox 888 2248 1078 2307; x_wconf 90' lang='lat' dir='ltr'><strong>contractus</strong></span> <span class='ocrx_word' id='word_1_133' title='bbox 1104 2249 1202 2308; x_wconf 87' lang='lat' dir='ltr'><strong>natu·</strong></span> 
     </span>
     <span class='ocr_line' id='line_1_18' title="bbox 123 2346 1199 2450; baseline -0.001 -25"><span class='ocrx_word' id='word_1_134' title='bbox 123 2349 193 2438; x_wconf 77' lang='lat' dir='ltr'><strong>tis,</strong></span> <span class='ocrx_word' id='word_1_135' title='bbox 223 2349 283 2449; x_wconf 89' lang='lat' dir='ltr'><strong>qui</strong></span> <span class='ocrx_word' id='word_1_136' title='bbox 309 2363 429 2420; x_wconf 87' lang='lat' dir='ltr'><strong>natura</strong></span> <span class='ocrx_word' id='word_1_137' title='bbox 448 2372 512 2422; x_wconf 90' lang='lat' dir='ltr'><strong>sua</strong></span> <span class='ocrx_word' id='word_1_138' title='bbox 531 2346 599 2421; x_wconf 87' lang='lat' dir='ltr'><strong>iam</strong></span> <span class='ocrx_word' id='word_1_139' title='bbox 618 2346 735 2421; x_wconf 88' lang='lat' dir='ltr'><strong>firmus</strong></span> <span class='ocrx_word' id='word_1_140' title='bbox 752 2363 805 2421; x_wconf 85' lang='lat' dir='ltr'><strong>est</strong></span> <span class='ocrx_word' id='word_1_141' title='bbox 821 2373 861 2422; x_wconf 90' lang='lat' dir='ltr'><strong>ac</strong></span> <span class='ocrx_word' id='word_1_142' title='bbox 877 2346 1088 2436; x_wconf 89' lang='lat' dir='ltr'><strong>insolubilis;</strong></span> <span class='ocrx_word' id='word_1_143' title='bbox 1109 2350 1199 2450; x_wconf 90' lang='lat' dir='ltr'><strong>quod</strong></span> 
     </span>
     <span class='ocr_line' id='line_1_19' title="bbox 123 2459 1200 2564; baseline -0.002 -25"><span class='ocrx_word' id='word_1_144' title='bbox 123 2489 276 2564; x_wconf 80' lang='lat' dir='ltr'><strong>umquam</strong></span> <span class='ocrx_word' id='word_1_145' title='bbox 294 2477 505 2549; x_wconf 87' lang='lat' dir='ltr'><strong>contractus,</strong></span> <span class='ocrx_word' id='word_1_146' title='bbox 526 2461 585 2560; x_wconf 92' lang='lat' dir='ltr'><strong>qui</strong></span> <span class='ocrx_word' id='word_1_147' title='bbox 599 2459 642 2534; x_wconf 84' lang='lat' dir='ltr'><strong>ab</strong></span> <span class='ocrx_word' id='word_1_148' title='bbox 655 2461 787 2558; x_wconf 80' lang='lat' dir='ltr'><strong>origine</strong></span> <span class='ocrx_word' id='word_1_149' title='bbox 800 2487 867 2535; x_wconf 91' lang='lat' dir='ltr'><strong>non</strong></span> <span class='ocrx_word' id='word_1_150' title='bbox 882 2461 944 2536; x_wconf 83' lang='lat' dir='ltr'><strong>suit</strong></span> <span class='ocrx_word' id='word_1_151' title='bbox 955 2479 1200 2538; x_wconf 85' lang='lat' dir='ltr'><strong>sacramentum</strong></span> 
     </span>
     <span class='ocr_line' id='line_1_20' title="bbox 123 2575 1196 2677; baseline -0.003 -23"><span class='ocrx_word' id='word_1_152' title='bbox 123 2580 201 2654; x_wconf 73' lang='lat' dir='ltr'><strong>›ssit</strong></span> <span class='ocrx_word' id='word_1_153' title='bbox 226 2577 426 2653; x_wconf 86' lang='lat' dir='ltr'><strong>sacmmenti</strong></span> <span class='ocrx_word' id='word_1_154' title='bbox 452 2592 606 2650; x_wconf 86' lang='lat' dir='ltr'><strong>naturam</strong></span> <span class='ocrx_word' id='word_1_155' title='bbox 636 2575 800 2663; x_wconf 90' lang='lat' dir='ltr'><strong>induere;</strong></span> <span class='ocrx_word' id='word_1_156' title='bbox 829 2575 983 2677; x_wconf 86' lang='lat' dir='ltr'><strong>aliaeque</strong></span> <span class='ocrx_word' id='word_1_157' title='bbox 1008 2577 1196 2668; x_wconf 84' lang='lat' dir='ltr'><strong>eiusmodi,</strong></span> 
     </span>
     <span class='ocr_line' id='line_1_21' title="bbox 123 2689 1200 2792; baseline 0.001 -23"><span class='ocrx_word' id='word_1_158' title='bbox 123 2721 178 2770; x_wconf 85' lang='lat' dir='ltr'><strong>iae</strong></span> <span class='ocrx_word' id='word_1_159' title='bbox 204 2719 343 2781; x_wconf 90' lang='lat' dir='ltr'><strong>omnes,</strong></span> <span class='ocrx_word' id='word_1_160' title='bbox 373 2707 410 2766; x_wconf 91' lang='lat' dir='ltr'><strong>ut</strong></span> <span class='ocrx_word' id='word_1_161' title='bbox 433 2709 548 2792; x_wconf 84' lang='lat' dir='ltr'><strong>patet,</strong></span> <span class='ocrx_word' id='word_1_162' title='bbox 577 2690 704 2791; x_wconf 81' lang='lat' dir='ltr'><strong>primae</strong></span> <span class='ocrx_word' id='word_1_163' title='bbox 738 2689 980 2766; x_wconf 81' lang='lat' dir='ltr'><strong>fundamentali</strong></span> <span class='ocrx_word' id='word_1_164' title='bbox 1005 2693 1126 2768; x_wconf 87' lang='lat' dir='ltr'><strong>rationi</strong></span> <span class='ocrx_word' id='word_1_165' title='bbox 1150 2694 1200 2769; x_wconf 93' lang='lat' dir='ltr'><strong>in·</strong></span> 
     </span>
     <span class='ocr_line' id='line_1_22' title="bbox 125 2826 256 2886; baseline -0.038 0"><span class='ocrx_word' id='word_1_166' title='bbox 125 2826 256 2886; x_wconf 86' lang='lat' dir='ltr'><strong>tuntur.</strong></span> 
     </span>
    </p>

    <p class='ocr_par' dir='ltr' id='par_1_3' title="bbox 123 2923 1201 4176">
     <span class='ocr_line' id='line_1_23' title="bbox 164 2923 1201 3027; baseline 0.003 -30"><span class='ocrx_word' id='word_1_167' title='bbox 164 2926 289 2998; x_wconf 86' lang='lat' dir='ltr'><strong>Parum</strong></span> <span class='ocrx_word' id='word_1_168' title='bbox 306 2924 417 2998; x_wconf 80' lang='lat' dir='ltr'><strong>abhis</strong></span> <span class='ocrx_word' id='word_1_169' title='bbox 431 2923 594 2998; x_wconf 83' lang='lat' dir='ltr'><strong>abludunt</strong></span> <span class='ocrx_word' id='word_1_170' title='bbox 607 2940 716 2998; x_wconf 88' lang='lat' dir='ltr'><strong>cetera</strong></span> <span class='ocrx_word' id='word_1_171' title='bbox 730 2941 940 3023; x_wconf 80' lang='lat' dir='ltr'><strong>argumenta,</strong></span> <span class='ocrx_word' id='word_1_172' title='bbox 957 2952 1044 3027; x_wconf 88' lang='lat' dir='ltr'><strong>quae</strong></span> <span class='ocrx_word' id='word_1_173' title='bbox 1057 2928 1099 3002; x_wconf 87' lang='lat' dir='ltr'><strong>ad</strong></span> <span class='ocrx_word' id='word_1_174' title='bbox 1114 2928 1201 3001; x_wconf 93' lang='lat' dir='ltr'><strong>eius·</strong></span> 
     </span>
     <span class='ocr_line' id='line_1_24' title="bbox 123 3039 1201 3128; baseline 0 -14"><span class='ocrx_word' id='word_1_175' title='bbox 123 3066 170 3114; x_wconf 81' lang='lat' dir='ltr'><strong>em</strong></span> <span class='ocrx_word' id='word_1_176' title='bbox 196 3039 382 3113; x_wconf 89' lang='lat' dir='ltr'><strong>sententiae</strong></span> <span class='ocrx_word' id='word_1_177' title='bbox 398 3039 684 3113; x_wconf 85' lang='lat' dir='ltr'><strong>confirmationem</strong></span> <span class='ocrx_word' id='word_1_178' title='bbox 702 3040 905 3128; x_wconf 81' lang='lat' dir='ltr'><strong>asseruntur;</strong></span> <span class='ocrx_word' id='word_1_179' title='bbox 927 3041 1085 3114; x_wconf 90' lang='lat' dir='ltr'><strong>nimirum</strong></span> <span class='ocrx_word' id='word_1_180' title='bbox 1103 3040 1201 3114; x_wconf 85' lang='lat' dir='ltr'><strong>Chri-</strong></span> 
     </span>
     <span class='ocr_line' id='line_1_25' title="bbox 123 3152 1200 3255; baseline -0.002 -27"><span class='ocrx_word' id='word_1_181' title='bbox 123 3180 181 3228; x_wconf 89' lang='lat' dir='ltr'><strong>um</strong></span> <span class='ocrx_word' id='word_1_182' title='bbox 204 3153 247 3226; x_wconf 93' lang='lat' dir='ltr'><strong>ad</strong></span> <span class='ocrx_word' id='word_1_183' title='bbox 266 3154 429 3227; x_wconf 88' lang='lat' dir='ltr'><strong>rationem</strong></span> <span class='ocrx_word' id='word_1_184' title='bbox 448 3155 649 3227; x_wconf 80' lang='lat' dir='ltr'><strong>sacramenti</strong></span> <span class='ocrx_word' id='word_1_185' title='bbox 672 3152 781 3227; x_wconf 91' lang='lat' dir='ltr'><strong>solum</strong></span> <span class='ocrx_word' id='word_1_186' title='bbox 801 3171 911 3227; x_wconf 85' lang='lat' dir='ltr'><strong>actum</strong></span> <span class='ocrx_word' id='word_1_187' title='bbox 934 3155 1113 3255; x_wconf 85' lang='lat' dir='ltr'><strong>physicum</strong></span> <span class='ocrx_word' id='word_1_188' title='bbox 1139 3181 1200 3229; x_wconf 87' lang='lat' dir='ltr'><strong>seu</strong></span> 
     </span>
     <span class='ocr_line' id='line_1_26' title="bbox 123 3268 1197 3368; baseline -0.005 -24"><span class='ocrx_word' id='word_1_189' title='bbox 123 3268 257 3344; x_wconf 77' lang='lat' dir='ltr'><strong>ttnalem</strong></span> <span class='ocrx_word' id='word_1_190' title='bbox 283 3269 435 3341; x_wconf 84' lang='lat' dir='ltr'><strong>evexisse</strong></span> <span class='ocrx_word' id='word_1_191' title='bbox 461 3283 692 3356; x_wconf 88' lang='lat' dir='ltr'><strong>contractum,</strong></span> <span class='ocrx_word' id='word_1_192' title='bbox 716 3268 775 3367; x_wconf 91' lang='lat' dir='ltr'><strong>qui</strong></span> <span class='ocrx_word' id='word_1_193' title='bbox 800 3269 947 3368; x_wconf 83' lang='lat' dir='ltr'><strong>proiecto</strong></span> <span class='ocrx_word' id='word_1_194' title='bbox 980 3269 1015 3341; x_wconf 91' lang='lat' dir='ltr'><strong>in</strong></span> <span class='ocrx_word' id='word_1_195' title='bbox 1044 3269 1105 3355; x_wconf 93' lang='lat' dir='ltr'><strong>iis,</strong></span> <span class='ocrx_word' id='word_1_196' title='bbox 1139 3268 1197 3367; x_wconf 89' lang='lat' dir='ltr'><strong>qni</strong></span> 
     </span>
     <span class='ocr_line' id='line_1_27' title="bbox 123 3382 1199 3487; baseline -0.002 -29"><span class='ocrx_word' id='word_1_197' title='bbox 123 3385 297 3487; x_wconf 80' lang='lat' dir='ltr'><strong>iptismum</strong></span> <span class='ocrx_word' id='word_1_198' title='bbox 330 3384 497 3482; x_wconf 90' lang='lat' dir='ltr'><strong>recipiunt</strong></span> <span class='ocrx_word' id='word_1_199' title='bbox 522 3408 588 3458; x_wconf 93' lang='lat' dir='ltr'><strong>non</strong></span> <span class='ocrx_word' id='word_1_200' title='bbox 616 3382 761 3483; x_wconf 87' lang='lat' dir='ltr'><strong>amplius</strong></span> <span class='ocrx_word' id='word_1_201' title='bbox 786 3383 938 3458; x_wconf 83' lang='lat' dir='ltr'><strong>hahetur.</strong></span> <span class='ocrx_word' id='word_1_202' title='bbox 964 3383 1058 3457; x_wconf 78' lang='lat' dir='ltr'><strong>tude</strong></span> <span class='ocrx_word' id='word_1_203' title='bbox 1084 3383 1199 3458; x_wconf 88' lang='lat' dir='ltr'><strong>incon-</strong></span> 
     </span>
     <span class='ocr_line' id='line_1_28' title="bbox 123 3499 1197 3600; baseline 0 -25"><span class='ocrx_word' id='word_1_204' title='bbox 123 3527 213 3575; x_wconf 84' lang='lat' dir='ltr'><strong>uum</strong></span> <span class='ocrx_word' id='word_1_205' title='bbox 225 3499 346 3586; x_wconf 83' lang='lat' dir='ltr'><strong>rideri,</strong></span> <span class='ocrx_word' id='word_1_206' title='bbox 359 3517 396 3572; x_wconf 90' lang='lat' dir='ltr'><strong>ut</strong></span> <span class='ocrx_word' id='word_1_207' title='bbox 408 3499 489 3572; x_wconf 91' lang='lat' dir='ltr'><strong>dum</strong></span> <span class='ocrx_word' id='word_1_208' title='bbox 503 3499 672 3600; x_wconf 88' lang='lat' dir='ltr'><strong>baptisma</strong></span> <span class='ocrx_word' id='word_1_209' title='bbox 685 3499 864 3586; x_wconf 81' lang='lat' dir='ltr'><strong>confertur,</strong></span> <span class='ocrx_word' id='word_1_210' title='bbox 875 3499 965 3598; x_wconf 91' lang='lat' dir='ltr'><strong>quod</strong></span> <span class='ocrx_word' id='word_1_211' title='bbox 979 3517 1197 3575; x_wconf 84' lang='lat' dir='ltr'><strong>sacramento</strong></span> 
     </span>
     <span class='ocr_line' id='line_1_29' title="bbox 123 3614 1200 3701; baseline -0.003 -11"><span class='ocrx_word' id='word_1_212' title='bbox 123 3643 165 3690; x_wconf 91' lang='lat' dir='ltr'><strong>un</strong></span> <span class='ocrx_word' id='word_1_213' title='bbox 183 3616 336 3690; x_wconf 87' lang='lat' dir='ltr'><strong>omnium</strong></span> <span class='ocrx_word' id='word_1_214' title='bbox 350 3615 451 3687; x_wconf 87' lang='lat' dir='ltr'><strong>ianua</strong></span> <span class='ocrx_word' id='word_1_215' title='bbox 469 3631 540 3701; x_wconf 89' lang='lat' dir='ltr'><strong>est,</strong></span> <span class='ocrx_word' id='word_1_216' title='bbox 563 3614 655 3688; x_wconf 86' lang='lat' dir='ltr'><strong>aliud</strong></span> <span class='ocrx_word' id='word_1_217' title='bbox 673 3614 774 3688; x_wconf 90' lang='lat' dir='ltr'><strong>simul</strong></span> <span class='ocrx_word' id='word_1_218' title='bbox 793 3614 988 3688; x_wconf 86' lang='lat' dir='ltr'><strong>conficiatur</strong></span> <span class='ocrx_word' id='word_1_219' title='bbox 1010 3640 1200 3690; x_wconf 84' lang='lat' dir='ltr'><strong>sacramen-</strong></span> 
     </span>
     <span class='ocr_line' id='line_1_30' title="bbox 123 3730 1200 3829; baseline 0.004 -27"><span class='ocrx_word' id='word_1_220' title='bbox 123 3758 173 3804; x_wconf 89' lang='lat' dir='ltr'><strong>m.</strong></span> <span class='ocrx_word' id='word_1_221' title='bbox 191 3732 260 3803; x_wconf 91' lang='lat' dir='ltr'><strong>Nec</strong></span> <span class='ocrx_word' id='word_1_222' title='bbox 277 3730 374 3803; x_wconf 88' lang='lat' dir='ltr'><strong>obest</strong></span> <span class='ocrx_word' id='word_1_223' title='bbox 391 3730 479 3803; x_wconf 89' lang='lat' dir='ltr'><strong>sacri</strong></span> <span class='ocrx_word' id='word_1_224' title='bbox 502 3730 624 3804; x_wconf 81' lang='lat' dir='ltr'><strong>lavacri</strong></span> <span class='ocrx_word' id='word_1_225' title='bbox 647 3730 859 3829; x_wconf 88' lang='lat' dir='ltr'><strong>susceptione</strong></span> <span class='ocrx_word' id='word_1_226' title='bbox 884 3730 991 3827; x_wconf 83' lang='lat' dir='ltr'><strong>magis</strong></span> <span class='ocrx_word' id='word_1_227' title='bbox 1009 3731 1141 3803; x_wconf 87' lang='lat' dir='ltr'><strong>firmum</strong></span> <span class='ocrx_word' id='word_1_228' title='bbox 1159 3757 1200 3806; x_wconf 87' lang='lat' dir='ltr'><strong>ac</strong></span> 
     </span>
     <span class='ocr_line' id='line_1_31' title="bbox 123 3844 1198 3933; baseline -0.002 -13"><span class='ocrx_word' id='word_1_229' title='bbox 123 3846 283 3920; x_wconf 87' lang='lat' dir='ltr'><strong>unimode</strong></span> <span class='ocrx_word' id='word_1_230' title='bbox 302 3844 537 3919; x_wconf 88' lang='lat' dir='ltr'><strong>indissolubile</strong></span> <span class='ocrx_word' id='word_1_231' title='bbox 550 3846 797 3919; x_wconf 86' lang='lat' dir='ltr'><strong>matrimonium</strong></span> <span class='ocrx_word' id='word_1_232' title='bbox 812 3845 963 3933; x_wconf 86' lang='lat' dir='ltr'><strong>evadere,</strong></span> <span class='ocrx_word' id='word_1_233' title='bbox 980 3873 1019 3919; x_wconf 83' lang='lat' dir='ltr'><strong>ex</strong></span> <span class='ocrx_word' id='word_1_234' title='bbox 1033 3845 1097 3919; x_wconf 91' lang='lat' dir='ltr'><strong>hoc</strong></span> <span class='ocrx_word' id='word_1_235' title='bbox 1108 3847 1198 3919; x_wconf 90' lang='lat' dir='ltr'><strong>enim</strong></span> 
     </span>
     <span class='ocr_line' id='line_1_32' title="bbox 124 3960 1199 4061; baseline 0.001 -27"><span class='ocrx_word' id='word_1_236' title='bbox 124 3964 229 4036; x_wconf 91' lang='lat' dir='ltr'><strong>inimc</strong></span> <span class='ocrx_word' id='word_1_237' title='bbox 244 3962 397 4061; x_wconf 90' lang='lat' dir='ltr'><strong>sequitur</strong></span> <span class='ocrx_word' id='word_1_238' title='bbox 416 3961 486 4034; x_wconf 88' lang='lat' dir='ltr'><strong>[ieri</strong></span> <span class='ocrx_word' id='word_1_239' title='bbox 505 3977 768 4046; x_wconf 85' lang='lat' dir='ltr'><strong>sacramentum,</strong></span> <span class='ocrx_word' id='word_1_240' title='bbox 789 3960 938 4061; x_wconf 86' lang='lat' dir='ltr'><strong>alioquin</strong></span> <span class='ocrx_word' id='word_1_241' title='bbox 952 3988 1073 4036; x_wconf 87' lang='lat' dir='ltr'><strong>novum</strong></span> <span class='ocrx_word' id='word_1_242' title='bbox 1087 3988 1199 4035; x_wconf 90' lang='lat' dir='ltr'><strong>sacra·</strong></span> 
     </span>
     <span class='ocr_line' id='line_1_33' title="bbox 125 4076 1194 4176; baseline 0 -25"><span class='ocrx_word' id='word_1_243' title='bbox 125 4096 241 4151; x_wconf 89' lang='lat' dir='ltr'><strong>eutum</strong></span> <span class='ocrx_word' id='word_1_244' title='bbox 269 4095 441 4175; x_wconf 79' lang='lat' dir='ltr'><strong>exurgeret</strong></span> <span class='ocrx_word' id='word_1_245' title='bbox 467 4105 506 4149; x_wconf 84' lang='lat' dir='ltr'><strong>cx</strong></span> <span class='ocrx_word' id='word_1_246' title='bbox 534 4076 658 4149; x_wconf 84' lang='lat' dir='ltr'><strong>carnali</strong></span> <span class='ocrx_word' id='word_1_247' title='bbox 677 4077 812 4176; x_wconf 83' lang='lat' dir='ltr'><strong>copula,</strong></span> <span class='ocrx_word' id='word_1_248' title='bbox 837 4104 905 4176; x_wconf 84' lang='lat' dir='ltr'><strong>qun</strong></span> <span class='ocrx_word' id='word_1_249' title='bbox 929 4078 1194 4165; x_wconf 86' lang='lat' dir='ltr'><strong>matrimonium,</strong></span> 
     </span>
    </p>
   </div>
   <div class='ocr_carea' id='block_1_3' title="bbox 162 4334 1064 4400">
    <p class='ocr_par' dir='ltr' id='par_1_4' title="bbox 162 4334 1064 4400">
     <span class='ocr_line' id='line_1_34' title="bbox 162 4334 1064 4400; baseline 0.004 -16"><span class='ocrx_word' id='word_1_250' title='bbox 162 4336 183 4396; x_wconf 76' lang='grc' dir='ltr'><strong>(ι</strong></span> <span class='ocrx_word' id='word_1_251' title='bbox 191 4334 212 4396; x_wconf 82' lang='grc'><strong>1)</strong></span> <span class='ocrx_word' id='word_1_252' title='bbox 230 4336 266 4385; x_wconf 81' lang='lat' dir='ltr'><strong>lta</strong></span> <span class='ocrx_word' id='word_1_253' title='bbox 279 4339 464 4387; x_wconf 80' lang='lat' dir='ltr'><strong>commemorati</strong></span> <span class='ocrx_word' id='word_1_254' title='bbox 477 4338 600 4397; x_wconf 81' lang='lat' dir='ltr'><strong>auctores,</strong></span> <span class='ocrx_word' id='word_1_255' title='bbox 615 4337 742 4400; x_wconf 85' lang='lat' dir='ltr'><strong>praecipue</strong></span> <span class='ocrx_word' id='word_1_256' title='bbox 753 4349 810 4388; x_wconf 83' lang='lat' dir='ltr'><strong>vero</strong></span> <span class='ocrx_word' id='word_1_257' title='bbox 821 4335 901 4388; x_wconf 79' lang='lat' dir='ltr'><strong>cellet</strong></span> <span class='ocrx_word' id='word_1_258' title='bbox 911 4336 936 4388; x_wconf 80' lang='lat' dir='ltr'><strong>et</strong></span> <span class='ocrx_word' id='word_1_259' title='bbox 945 4336 1064 4388; x_wconf 70' lang='lat' dir='ltr'><strong>cernere.</strong></span> 
     </span>
    </p>
   </div>
   <div class='ocr_carea' id='block_1_4' title="bbox 0 0 1406 5062">
    <p class='ocr_par' dir='ltr' id='par_1_5' title="bbox 0 0 1406 5062">
     <span class='ocr_line' id='line_1_35' title="bbox 0 0 1406 5062; baseline 0 0"><span class='ocrx_word' id='word_1_260' title='bbox 0 0 1406 5062; x_wconf 95' lang='lat' dir='ltr'><strong> </strong></span> 
     </span>
    </p>
   </div>
  </div>
 </body>
</html>
