2804 5062
194 407 265 459 eir.
282 407 318 460 rr.
334 406 374 457 nr
388 404 494 458 rores.
508 404 611 458 enne.
626 405 687 456 rio.
702 404 1004 462 menusanum.
1018 405 1089 456 sur.
1103 405 1126 456 1.
1183 382 1252 455 stt
1335 395 1339 404 ·

140 525 283 601 nubium
306 523 573 601 dissuadendum
605 539 745 624 possent
774 523 954 611 inservire,
986 521 1114 600 nuliam
1144 520 1253 623 legem

138 639 405 717 eeclesiasticam
430 637 569 726 hebuit,
599 665 687 739 quae
704 637 738 711 id
756 637 965 737 prohiberet,
987 637 1047 711 sed
1068 637 1190 740 purtim
1212 663 1254 711 ex
1308 633 1312 647 '

139 757 285 832 beritieo
312 772 345 831 et
370 756 539 856 aequitate
569 753 735 843 naturali,
769 755 889 854 partim
916 781 955 829 ex
983 754 1150 855 imperiali
1180 754 1253 852 lege

138 871 320 947 Theodosii
346 871 484 945 deducit
508 898 528 944 a
554 869 657 944 simili
683 886 879 968 argumenta
904 869 946 943 ad
972 869 1056 943 iilud
1081 871 1253 945 matrimo-

137 987 233 1060 nium
260 986 519 1086 improbandum
540 987 635 1082 (2).»
1052 999 1053 1003 ’

210 1102 273 1176 Ast
298 1128 326 1175 s.
348 1101 564 1190 Ambrosius,
593 1101 623 1175 si
650 1101 713 1174 rite
740 1102 815 1174 eius
845 1098 1098 1201 perpendantur
1122 1100 1248 1188 verba,

136 1217 230 1291 haud
249 1218 369 1317 repetit
384 1243 404 1290 a
423 1218 496 1316 lege
512 1215 733 1291 theodosiana
750 1241 866 1290 reeens
884 1216 975 1290 edita
992 1216 1083 1290 iilius
1101 1216 1250 1314 coniugii

135 1333 398 1435 prohibitionem
424 1349 526 1436 atque
551 1332 810 1420 inhonestatem,
839 1357 915 1405 cum
942 1330 1000 1405 ilia
1017 1358 1083 1406 non
1103 1332 1253 1406 afficeret

135 1450 204 1524 nisi
231 1450 401 1524 connubia
426 1449 719 1536 consobrinorum,
749 1447 810 1522 sed
835 1475 856 1522 a
880 1447 954 1545 iege
978 1447 1095 1523 diuina
1112 1448 1250 1522 Levitiei

133 1565 296 1667 adoptata
321 1565 365 1641 ab
389 1565 533 1641 ecelesia
554 1568 625 1663 (3),
654 1581 792 1667 atquae
809 1564 1055 1640 consuetudine
1072 1565 1116 1639 ab
1138 1565 1254 1639 imme·

135 1681 293 1756 morabili
315 1682 350 1754 in
372 1681 516 1756 ecelesia
541 1696 689 1769 servata,
717 1707 806 1781 quae
829 1705 870 1754 ex
897 1706 927 1754 s.
941 1680 1085 1769 basilio,
1108 1696 1147 1754 ut
1164 1679 1253 1754 ridi-

134 1823 231 1886 mus,
259 1798 328 1870 oim
360 1798 440 1896 lepis
467 1795 657 1883 obtinebat;
689 1821 758 1897 quo
783 1796 909 1869 factum
938 1810 1009 1882 est,
1041 1811 1079 1868 ut
1104 1820 1134 1868 s.
1156 1810 1252 1894 pater

133 1937 202 1986 non
221 1911 367 2011 potuerit
383 1910 449 1985 sihi
468 1910 665 2011 persuaderi
691 1909 782 2010 quod
807 1909 989 2010 episcopus
1011 1908 1144 1982 Paterni
1173 1933 1251 2009 pro-

133 2025 264 2102 baverit
287 2026 496 2126 propositum
521 2025 748 2112 connubium,
776 2049 853 2098 eum
880 2024 915 2097 id
933 2024 1023 2125 apud
1044 2024 1250 2099 christianos

133 2141 236 2215 inerit
261 2140 463 2214 inauditum.
492 2141 548 2213 Sia
572 2140 663 2214 enim
690 2139 806 2214 scribit
831 2165 861 2212 s.
886 2138 1104 2213 Ambrosius:
1128 2138 1249 2212 «Istud

132 2256 345 2345 inauditum,
372 2271 410 2329 ut
427 2257 608 2357 quisquam
627 2271 762 2356 neptem
781 2282 878 2329 suam
897 2256 931 2328 in
950 2281 1086 2330 uxorem
1105 2255 1251 2355 accipiat

132 2388 164 2448 et
189 2372 367 2470 coniugem
398 2370 500 2446 dieat.
514 2402 531 2440 n
547 2370 598 2443 Ad
627 2370 874 2445 dehortandum
900 2371 1043 2471 proinde
1069 2373 1248 2444 Paternum
1274 2385 1278 2395 “

131 2487 209 2563 ideo
233 2487 426 2589 provocavit
451 2513 480 2561 s.
501 2487 625 2561 Doctor
640 2487 684 2560 ad
707 2487 814 2585 legem
841 2486 1019 2561 Theodosii
1038 2486 1187 2587 eoquod
1206 2486 1250 2560 ab

132 2603 198 2678 hoo
215 2603 417 2702 imperatore
434 2601 587 2703 pluribus
610 2600 797 2675 honoribus
816 2602 977 2676 Paternus
997 2601 1096 2676 suerit
1113 2617 1246 2688 auctus,

130 2735 169 2794 ut
186 2717 307 2793 saltem
325 2718 399 2792 eius
417 2718 604 2792 reverentia
622 2718 680 2817 qui
699 2716 806 2816 legem
821 2744 929 2818 nuper
942 2717 1063 2792 tulerat
1076 2716 1119 2791 ad
1132 2743 1250 2793 eonse-

130 2833 307 2909 brinorum
331 2834 476 2909 retunde
493 2833 684 2921 connubia,
706 2859 744 2908 sa
761 2834 945 2909 abstineret
969 2860 990 2907 s
1012 2834 1249 2936 prosequendo

131 2949 291 3048 eoniugio
316 2974 384 3023 non
410 2950 525 3024 minus
550 2948 741 3023 inhonesto.
771 2950 864 3023 Haeo
889 2966 968 3024 sunt
993 2949 1162 3026 Ambrosii
1178 2972 1250 3025 rer·

133 3063 194 3140 ba:
214 3065 306 3139 «Sed
332 3065 361 3138 si
388 3064 505 3139 diuina
531 3080 563 3138 te
592 3082 821 3165 praetereunt,
856 3065 975 3139 saltem
1010 3066 1248 3166 imperatorum

131 3198 331 3282 praecepta,
351 3209 372 3256 a
389 3181 514 3283 quibus
531 3182 771 3281 amplissimum
784 3184 939 3280 accepisti
955 3182 1121 3266 bonorem,
1143 3180 1250 3254 haud·

128 3320 302 3397 quaquam
328 3311 361 3369 te
387 3295 568 3395 praeterire
595 3295 795 3368 debuerunt.
829 3296 913 3368 Nam
942 3293 1153 3373 Theodosius
1184 3295 1244 3367 im·

128 3426 264 3511 parator
288 3412 387 3485 etiam
414 3410 584 3512 patrueles
610 3410 728 3485 iratres
746 3425 780 3484 et
796 3408 1016 3485 consobrinos
1036 3409 1144 3484 vetuit
1160 3409 1248 3484 inter

201 3650 237 3713 (π)
253 3652 292 3701 lis
304 3649 442 3715 repetitos
457 3650 634 3702 ecemimtteo
648 3649 692 3701 tib.
702 3652 795 3714 vesp.
808 3649 924 3714 it1.qoo‹i
935 3649 1070 3715 inscripsit:
1083 3652 1248 3702 idatnmonti

126 3730 271 3784 muisis
281 3733 307 3782 et
318 3743 413 3783 causas
423 3734 559 3796 oproprio
571 3733 703 3796 potestate
717 3730 841 3782 ecciesiae
856 3744 908 3782 non
920 3729 1043 3796 passim.
1058 3729 1163 3782 Londint
1176 3735 1245 3783 toti.

199 3889 236 3953 (a)
252 3891 328 3954 Leges
348 3889 497 3953 iudiciales,
518 3901 582 3954 quas
602 3889 628 3940 in
650 3890 760 3941 Levitico
786 3889 942 3942 eontinentur
962 3903 1013 3941 nou
1033 3889 1174 3954 obligabant
1199 3888 1247 3942 nisi

124 3969 259 4034 bebrseos,
277 3971 431 4034 oesuvitque
445 3971 517 4033 piene
531 3970 630 4020 illarum
649 3970 781 4034 obligatio,
800 3972 829 4020 ut
843 3973 937 4022 ceteras
953 3983 1038 4021 omues
1054 3969 1191 4022 istiusmodi
1207 3984 1245 4022 oe·

128 4049 277 4102 moniales
294 4063 323 4100 aa
341 4049 468 4100 iudiciales
481 4048 545 4112 leges
559 4050 679 4100 mosaicae
694 4049 741 4100 sub
754 4049 893 4113 evangeiio;
905 4049 1008 4114 proinde
1019 4049 1040 4100 si
1051 4050 1102 4101 vim
1112 4049 1246 4114 quemdam

125 4129 230 4195 sdepiae
252 4130 311 4180 sani
329 4129 356 4180 in
375 4128 463 4181 ordine
481 4129 512 4180 sd
533 4127 696 4194 christianos,
716 4131 792 4194 repeti
812 4130 838 4180 id
858 4129 931 4180 debet
949 4129 980 4180 ab
1000 4129 1117 4181 eeclesiae
1136 4133 1245 4195 seeepte·

126 4210 207 4262 done:
220 4211 330 4275 speststa
343 4213 425 4261 tamen
437 4210 563 4274 primusve
572 4210 659 4261 harum
675 4210 757 4274 legum
772 4209 866 4275 origine
880 4224 894 4260 s
911 4209 1074 4262 ambrosio
1088 4210 1191 4276 aliisque
1204 4224 1244 4275 ps·

126 4289 208 4342 tribus
224 4289 342 4341 dieantur
361 4289 430 4355 isses
446 4289 576 4354 divinae,
599 4290 714 4354 quumvis
729 4304 772 4354 per
788 4303 815 4342 se
829 4303 878 4342 non
894 4293 975 4342 essem
995 4289 1042 4342 nisi
1057 4291 1243 4343 eedesintiese.

123 4370 162 4424 ci.
175 4370 273 4424 Gerdii.
287 4372 371 4423 irati.
384 4369 430 4423 dei
445 4372 564 4423 matam.
578 4373 640 4435 part.
652 4372 672 4422 i.
684 4370 707 4436 §.
720 4373 749 4422 x.
