2828 5054
229 333 298 408 itt
418 350 481 408 no.
500 351 536 404 n.
557 350 644 432 sacr.
665 348 795 404 auram.
816 350 859 402 ns
883 350 1008 402 aorrsr.
1029 351 1138 403 arran

227 488 343 548 auctor
373 469 534 568 allegatae
565 467 811 542 dissertationis
838 467 873 574 in
904 466 1118 542 nobilissime
1148 466 1335 544 lovaniensi

227 585 392 662 catholica
411 582 627 657 universitate
642 583 733 678 (39),
755 598 794 654 ut
813 580 899 656 alios
920 582 1070 656 emittm
1095 583 1157 682 qui
1184 583 1336 683 philoso-

225 701 326 802 phico
344 698 408 774 sub
427 715 581 797 respectu
605 696 670 770 hoc
695 695 784 770 idem
810 714 1041 795 argumentum
1058 700 1185 773 Romae
1205 699 1252 772 ad
1274 717 1336 773 tro·

226 816 329 889 tinam
362 829 581 900 revocarunt,
617 837 659 886 ac
687 810 899 913 principibus
931 812 1127 888 infidelibus
1157 814 1215 888 ius
1247 815 1334 889 istud

225 929 317 1002 nulla
342 929 469 1002 ratione
493 925 671 1001 contenire
693 927 911 1001 ostenderunt
938 930 1030 1024 (to).
1060 931 1134 1002 Non
1158 947 1213 1004 est
1239 931 1338 1028 igitur

225 1041 375 1117 doctrina
404 1067 463 1115 seu
499 1040 666 1115 sententia
690 1040 774 1115 baec
797 1059 912 1116 nostra
937 1059 996 1117 aut
1019 1069 1132 1132 nora,
1161 1060 1222 1119 aut
1247 1071 1336 1144 pere·

226 1158 342 1255 grina,
366 1156 498 1230 omnive
523 1155 718 1230 auctoritate
736 1155 914 1245 destituta;
940 1157 1041 1232 immo
1062 1185 1144 1233 vero
1167 1186 1238 1233 nou
1255 1187 1337 1258 pau-

224 1296 338 1346 corum
353 1287 408 1345 est
430 1268 626 1344 anctoritate
655 1269 806 1345 suffulta.
834 1273 973 1345 Tantum
1001 1272 1097 1347 abest
1127 1289 1165 1347 ut
1189 1292 1332 1375 pugnet,

224 1381 315 1486 qnod
338 1381 439 1484 vulgo
462 1385 623 1473 traditur,
652 1411 730 1460 cnm
755 1385 986 1484 theologorum
1016 1388 1335 1489 canonistarumqne

223 1500 391 1573 communi
410 1497 588 1573 sententia.

294 1614 411 1689 Dicam
433 1617 467 1687 2.
484 1612 714 1688 auctoritatem
741 1615 975 1714 praecipuam,
1001 1611 1162 1688 nimirum
1186 1615 1334 1714 Angelici

223 1727 389 1816 doctorist
415 1727 514 1801 onius
540 1728 752 1827 potissimum
784 1727 948 1824 suffragio
973 1727 1157 1802 adversarii
1192 1730 1338 1803 inuitum

225 1860 278 1918 tur
299 1844 329 1919 si
352 1843 499 1945 penitius
529 1841 777 1942 introspiciatur
798 1842 1005 1944 deprehendi
1030 1843 1116 1943 ipsis
1137 1844 1244 1942 plane
1264 1869 1336 1918 con

228 1960 363 2036 trariam
390 1959 702 2058 adversantemque.
732 1960 816 2032 Nam
843 1959 879 2031 1.—
898 1984 929 2033 s.
950 1958 1095 2033 Thomas
1120 1961 1283 2061 nuspiam
1306 1975 1337 2033 et

224 2099 409 2175 numquam
436 2073 552 2149 tribuit
580 2072 791 2174 principibus
816 2075 889 2149 siva
914 2074 1071 2149 fidelihus
1096 2074 1171 2150 aive
1197 2074 1337 2149 infideli·

226 2188 292 2262 bns
312 2189 365 2264 ins
382 2189 473 2288 legas
493 2187 622 2262 ferendi
642 2188 839 2263 dirimentes
863 2188 1088 2264 matrimonia.
1105 2190 1241 2264 Etenim
1266 2189 1336 2263 eins

224 2302 443 2393 testimonia,
475 2329 563 2404 quae
587 2303 655 2377 huc
680 2303 870 2379 referuntur
894 2304 1071 2405 desumpta
1096 2321 1180 2379 sunt
1203 2321 1274 2379 tum
1297 2328 1335 2378 ox

224 2536 280 2588 pag.
292 2531 315 2575 t.
327 2524 357 2576 ad
376 2533 428 2576 its.
443 2524 484 2575 ubi
501 2524 609 2574 ostendit
626 2522 712 2574 Nullo
730 2527 831 2574 ratione
848 2524 958 2588 probari
975 2537 1048 2588 posse
1063 2528 1182 2590 principi
1205 2525 1336 2577 soeculari

220 2606 357 2665 propriam
373 2615 425 2652 esse
438 2605 593 2666 potestatem
609 2605 772 2652 matrimonii
787 2606 953 2654 contractum
970 2603 1112 2653 dirimendi
1118 2621 1128 2664 ,·
1145 2609 1336 2667 argumentique

223 2681 320 2744 stogrrta
336 2685 388 2731 tum
408 2683 550 2732 scarriirs
568 2685 621 2731 turn
639 2681 670 2730 ab
691 2683 746 2731 aliis
767 2682 887 2745 theologis
902 2685 945 2732 aut
960 2683 1092 2732 annuistis
1111 2682 1142 2732 ad
1160 2682 1335 2733 vindicandam

224 2761 326 2823 principi
350 2761 441 2810 infideli
460 2762 628 2810 auctoritatem
649 2760 778 2810 dirimendi
801 2762 882 2823 quoad
903 2763 1028 2811 vinculum
1054 2776 1155 2812 suorum
1182 2763 1335 2813 subditorum

224 2840 359 2890 infidelium
380 2842 536 2891 matrimonia
551 2843 660 2904 apprime
673 2841 792 2904 discum,
811 2855 943 2905 eorumque
958 2843 1124 2892 infirmitatem
1141 2842 1236 2906 detegit
1248 2856 1277 2893 ac
1288 2843 1333 2892 ina·

224 2920 323 2970 nitatem
340 2921 476 2970 clarissimo
487 2921 512 2969 iu
527 2921 619 2969 lumine
630 2921 707 2984 ponit.

295 2999 344 3061 (te)
361 3001 513 3049 Ant.1tsuser
525 3000 548 3047 in
560 3000 601 3048 cit.
611 3001 675 3049 Dies.
684 3000 948 3061 theologicocaoonica
959 3003 996 3050 De
1004 3003 1134 3065 potestate
1142 3002 1282 3052 statuendi
1294 3004 1336 3050 tm·

217 3078 370 3143 psdtntento
384 3079 549 3139 dirimentis,
559 3082 651 3128 Loran.
668 3085 736 3129 rest.
749 3083 818 3136 Quae
827 3083 855 3130 ut
866 3081 940 3143 paulo
951 3084 1007 3130 ante
1017 3082 1113 3143 monui,
1124 3081 1156 3130 ad
1169 3095 1259 3132 manns
1272 3093 1335 3130 meas

223 3159 349 3222 pervenit,
360 3173 436 3221 quum
446 3158 638 3208 lucubrationem
653 3171 731 3207 meam
746 3159 912 3208 absolvissem.
924 3161 971 3208 iiio
981 3157 1089 3221 igiturin
1102 3159 1178 3209 docta
1193 3161 1241 3209 hac
1251 3160 1335 3209 disses·

221 3238 314 3288 tatione
326 3253 349 3301 p.
362 3241 406 3288 tlt.
418 3251 472 3302 cap.
483 3241 513 3287 V.
527 3242 581 3287 tunr
593 3238 709 3300 Gerhais,
723 3241 776 3288 turn
794 3239 904 3288 carriere
918 3239 1071 3301 aliorumque
1084 3239 1235 3303 principium
1252 3239 1336 3289 evertit

222 3315 253 3367 de
268 3320 387 3379 potestate
405 3317 542 3381 principum
559 3317 673 3380 propria,
685 3317 827 3379 praesertim
842 3315 977 3366 intideiium
988 3316 1019 3365 ad
1031 3317 1167 3367 iniidciium
1182 3317 1334 3368 subditorum

220 3397 334 3460 coniugia
351 3397 495 3446 dirimenda.
510 3397 583 3446 Plura
596 3395 692 3446 addidit
706 3396 736 3446 iis
758 3409 824 3459 quae
837 3397 966 3459 scripserat
984 3398 1089 3457 Martio,
1107 3401 1184 3461 atque
1200 3398 1335 3449 eruditione

222 3489 270 3526 uon
283 3478 377 3538 vulgari
388 3477 530 3538 confirmat,
540 3479 566 3526 ci
576 3477 691 3525 illustrat.

293 3557 344 3619 (to)
360 3556 400 3606 ci.
421 3556 561 3606 hiberatorc
584 3559 672 3605 instit.
693 3554 842 3618 Philosoplt.
859 3555 910 3604 rol.
926 3557 969 3605 111.
985 3555 1081 3604 Bthtcc
1101 3558 1127 3604 et
1149 3558 1193 3606 ius
1215 3559 1335 3606 naturae.

224 3633 264 3685 ed.
275 3637 340 3684 viii.
353 3637 444 3684 Romae
465 3642 531 3685 1855.
545 3635 587 3685 iib.
600 3638 632 3684 tt.
643 3647 697 3697 rap.
711 3636 730 3683 1.
741 3636 787 3683 art.
801 3636 844 3683 iv.

293 3716 341 3764 uec
352 3714 514 3763 omittendum
527 3717 610 3777 Prosp.
623 3714 731 3776 Fugnani
749 3713 840 3762 iamdiu
857 3713 881 3762 in
897 3726 951 3775 cap.
963 3715 1002 3763 Ne
1014 3715 1141 3764 innitaris
1153 3716 1224 3763 extra
1235 3713 1268 3764 ds
1279 3728 1334 3764 con·

221 3793 366 3843 ditionibus
377 3794 438 3842 inter
450 3795 626 3856 propositiones
638 3794 778 3842 temerarias
791 3796 815 3842 et
826 3792 981 3842 scandalosas
990 3796 1015 3842 et
1025 3793 1087 3842 hanc
1100 3807 1241 3843 mcensarc:
1250 3815 1262 3838 a
1271 3795 1336 3843 Prin·

222 3873 289 3936 cipes
310 3874 431 3923 seculares
452 3886 595 3936 exponere
614 3875 639 3922 et
659 3875 758 3922 notura
779 3885 843 3922 tuoe
860 3875 999 3936 potestatis
1017 3875 1130 3935 meunt
1150 3874 1335 3937 impedimento

222 3953 420 4002 matrimonium
437 3951 588 4002 dirimentis
598 3951 726 4011 ,fidelibus
735 3952 785 4001 sihi
793 3951 906 4002 subditis
916 3965 946 4001 en
956 3952 1020 4001 insta
1034 3964 1109 4001 caum
1123 3953 1176 4002 mis
1191 3953 1287 4016 iegibus
1302 3954 1335 4001 in·

225 4029 306 4080 dicere
315 4045 343 4080 co
352 4033 425 4082 modo
436 4047 485 4095 quo
496 4046 606 4082 summus
618 4032 751 4095 pontifex.»
759 4033 880 4095 Loquitur
888 4032 987 4095 quidem
1000 4032 1039 4081 hic
1049 4032 1178 4082 mannisis
1185 4033 1216 4082 de
1223 4033 1335 4096 principi·

224 4109 271 4158 bus
294 4111 375 4172 quoad
390 4112 501 4162 subditos
514 4111 609 4172 fideles
630 4114 737 4161 attamen
758 4113 854 4175 impetit
872 4112 1018 4175 principium
1040 4112 1152 4174 generale
1170 4112 1202 4162 de
1221 4115 1337 4174 potestate

222 4187 362 4240 inhaerente
382 4192 526 4254 principatui
549 4193 574 4241 in
596 4205 695 4254 genere:
717 4205 751 4242 ex
769 4205 860 4255 penem
882 4196 909 4242 et
929 4195 1029 4242 nmero
1046 4205 1111 4242 suec
1131 4196 1286 4256 potestatis.
1309 4206 1334 4241 ac

223 4273 350 4333 propterea
367 4272 464 4334 attingit
479 4273 550 4320 etiarn
563 4272 686 4336 principes
697 4271 807 4323 inlideios
821 4272 902 4335 quoad
916 4272 1029 4323 subditos
1040 4273 1159 4323 infideles.
