2804 5062
144 381 187 448 66
275 413 278 419 ·
379 397 440 446 ιιι.
462 397 484 444 ι.
505 394 590 444 sacr.
611 394 645 443 ιι.
667 393 705 444 or
723 393 845 443 rorusr.
867 393 992 442 accurs.

142 519 245 591 alium
270 517 304 589 in
330 516 430 588 finem
454 531 488 587 et
512 514 576 586 hoc
602 513 796 585 invexerunt
829 528 1072 598 commentum,
1107 513 1175 586 nisi
1208 532 1245 586 ut

143 662 242 709 suum
264 632 465 734 paradoxum
490 628 604 728 aliqua
629 629 756 702 ratione
780 628 1036 701 cohonestarunt
1051 631 1142 723 (83).

215 752 275 823 Ill.
304 751 353 821 Ex
378 746 531 819 absurdis
558 743 756 843 practerea,
786 769 873 843 quae
900 760 1187 842 consequerentur
1211 748 1245 818 in

145 881 324 965 systemate
338 863 515 936 launoiano
527 860 711 934 excluditur
722 859 884 932 eiusmodi
900 860 1143 957 interpretatio,
1155 863 1244 961 quod

144 981 292 1065 ccclesiae
310 978 443 1050 nomine
459 975 637 1050 concilium
662 975 851 1071 significare
872 974 1051 1046 intenderit
1075 977 1245 1077 principes

145 1093 248 1168 laicos
274 1096 309 1165 in
335 1093 493 1192 praelatis
519 1090 714 1164 canonibus.

168 1271 171 1277 .
219 1210 253 1278 1.
282 1207 412 1279 Etenim
438 1207 467 1278 si
492 1231 572 1277 vora
595 1204 678 1277 loret
701 1204 836 1275 launoii
862 1205 1108 1301 interpretatio,
1130 1229 1248 1303 seque·

147 1337 237 1393 retur
260 1320 437 1393 concilium
462 1318 608 1393 voluisse
633 1318 810 1390 collectioni
830 1319 1034 1415 principum,
1058 1319 1118 1417 qui
1137 1319 1246 1392 domi-

147 1452 269 1509 nantur
289 1435 362 1508 orbi
387 1433 550 1507 catholico
576 1432 719 1504 tribuere
753 1448 948 1529 potestatem
980 1434 1071 1505 circa
1105 1433 1248 1532 impedi-

149 1565 259 1622 menta
275 1549 489 1641 matrimonii.
510 1546 594 1619 Cum
610 1547 697 1618 enim
716 1547 867 1618 ccclesiae
883 1573 946 1620 vox
963 1547 1247 1621 universalitatem

148 1664 295 1737 fidolium
316 1663 570 1762 complectatur,
595 1688 661 1734 non
686 1679 822 1760 possent
841 1662 1008 1762 principes
1034 1665 1174 1736 alteram
1199 1689 1247 1734 cc-

148 1781 261 1852 clesiae
279 1787 452 1878 personum
476 1777 616 1864 referre,
636 1794 673 1849 ut
688 1778 855 1851 Launoius
882 1779 1043 1878 loquitur,
1072 1780 1138 1852 nisi
1167 1804 1249 1879 qua-

147 1911 245 1966 tenus
271 1894 446 1968 ecclesiam
469 1892 689 1966 universalem
708 1911 973 1990 repraesentant;
994 1894 1062 1967 iam
1078 1920 1160 1968 vero
1176 1920 1248 1968 eum

148 2033 244 2079 nemo
278 2008 467 2106 principum
501 2006 692 2103 singillatim
720 2025 873 2105 sumptus
899 2009 1020 2080 relerre
1045 2025 1181 2107 potest,
1213 2025 1250 2082 ut

149 2123 212 2195 dici
241 2124 347 2220 possit
371 2124 535 2194 ecclesiam
556 2124 619 2195 hoc
638 2123 691 2195 vel
710 2123 791 2196 illud
810 2125 940 2197 allicere
957 2143 1015 2198 aut
1030 2127 1246 2199 constituere.

224 2239 257 2307 2.
287 2237 486 2336 Sequerctur
510 2252 624 2309 contra
650 2238 784 2310 launoii
810 2256 953 2311 mentem
978 2240 1106 2312 nullum
1128 2241 1251 2339 princi-

151 2378 225 2450 pem
252 2352 285 2422 in
312 2351 383 2424 suis
411 2351 593 2450 respective
619 2351 760 2424 statibus
782 2354 931 2452 potuisse
951 2371 1008 2428 aut
1026 2381 1128 2453 posse
1144 2355 1248 2453 legem

44 2528 48 2536 .
150 2465 290 2538 condere
303 2464 345 2536 ad
360 2465 569 2537 matrimonia
586 2464 783 2537 dirimenda.
802 2468 868 2540 Nec
886 2469 975 2540 enim
993 2469 1163 2568 quispiam
1182 2471 1251 2544 sin-

152 2577 277 2674 gularis
298 2578 454 2676 princeps
473 2588 586 2677 posset
603 2596 785 2652 ceterorum
812 2582 960 2654 omnium
988 2584 1122 2658 nomine
1145 2584 1251 2684 legem

152 2693 255 2777 ferre3
277 2693 368 2791 atqui
388 2709 495 2766 tamen
521 2693 585 2766 hac
610 2695 717 2768 solum
739 2695 803 2769 sub
828 2699 1018 2771 conditione
1036 2698 1092 2772 tali
1114 2701 1251 2799 polloret

153 2815 339 2905 potestates

225 2924 257 2992 3.
286 2921 485 3020 Sequcretur
510 2923 678 3020 principes
704 2925 873 3011 infideles,
896 2944 952 3001 aut
974 2928 1160 3002 haereticos
1178 2929 1252 3003 nul-

153 3037 218 3110 lam
237 3063 336 3138 posse
354 3037 459 3134 legam
478 3039 642 3110 eiusmodi
661 3057 803 3115 statuero
821 3043 922 3115 relate
939 3045 980 3115 ad
999 3044 1153 3119 subditos
1172 3071 1251 3118 suos

151 3151 373 3240 christianos3
402 3178 476 3224 cum
503 3168 650 3250 potestas
677 3153 733 3226 illa
758 3156 807 3228 eis
834 3185 899 3231 non
925 3175 1156 3255 competeret,
1187 3159 1251 3233 nisi

155 3283 318 3363 quatenus
345 3284 423 3339 sunt
448 3269 552 3339 ultera
582 3269 730 3340 ccclesiae
757 3298 917 3368 persona,
956 3273 1073 3371 quales
1106 3275 1253 3374 prolecto

154 3383 220 3452 non
248 3400 324 3456 sunt
350 3383 516 3482 principes
540 3385 610 3456 sive
636 3384 808 3470 infideles,
833 3388 904 3460 sive
922 3389 1093 3462 haeretici.

229 3498 259 3564 l.
289 3499 486 3594 Sequeretur
508 3501 674 3598 principes
700 3528 765 3572 non
789 3504 921 3602 propria
939 3530 976 3576 ac
994 3505 1177 3600 originaria
1196 3533 1253 3606 po·

156 3625 271 3681 testate
296 3611 360 3682 hac
385 3614 417 3682 in
446 3640 479 3684 re
505 3615 590 3699 frui,
620 3642 680 3687 sou
704 3617 775 3688 iure
800 3619 999 3717 principatui
1033 3619 1162 3709 insito,
1193 3621 1252 3694 sed

155 3724 262 3798 solum
287 3726 357 3797 iure
379 3727 523 3812 adscito,
546 3748 709 3827 quatenus
728 3733 874 3806 membra
892 3734 1052 3808 ecclesiae
1070 3736 1254 3809 catholicae

228 4019 277 4079 (st)
292 4018 346 4080 ipss
361 4018 434 4067 verba
447 4019 617 4081 propositionis
629 4029 724 4072 terem
737 4028 817 4087 aperte
835 4025 971 4075 declarant:
987 4026 1101 4076 «Debent
1118 4028 1257 4079 sacerdotes

156 4107 185 4141 ea
195 4095 277 4144 omnin
288 4098 441 4147 matrimonia
451 4097 606 4161 confirmare,
619 4115 681 4164 quiae
691 4108 775 4154 contra
786 4104 972 4155 ecclesiasticos
983 4108 1023 4156 rel
1030 4106 1183 4170 pontificius
1193 4108 1258 4170 leges

155 4172 244 4223 tuerint
253 4179 389 4239 contracta,
400 4179 424 4227 in
435 4178 524 4241 qrribus
538 4193 600 4244 papa
611 4184 689 4244 potest
699 4182 850 4246 dispensare,
862 4187 886 4235 et
896 4199 959 4249 quae
968 4200 1016 4236 non
1026 4188 1083 4235 sunt
1094 4186 1119 4235 in
1131 4189 1258 4252 Scriptura

157 4264 225 4301 sacra
235 4265 372 4315 expressas»
381 4258 449 4320 apud
462 4259 605 4320 D’trgentrt
618 4260 740 4312 collectio
748 4263 906 4315 laodiciorum
919 4263 951 4315 ιιι
965 4269 1038 4316 nouis
1054 4267 1198 4319 moriare.
1211 4270 1259 4319 Lu·

160 4335 201 4381 tet.
216 4332 294 4381 Paris.
311 4338 376 4383 ¹728.
392 4339 450 4385 tom.
463 4339 481 4384 1.
494 4341 555 4399 part.
570 4341 600 4387 ΙΙ.
614 4354 637 4400 p.
650 4347 702 4390 ³68.
