2804 5062
175 367 1128 424 carru.nrarranem.eourrnse.vrnrnr.sr.rnr.n.
1175 347 1246 418 319

129 489 328 567 contumelia
353 487 521 562 Creatoris
558 512 673 560 secum
707 483 860 558 habitare
883 483 984 573 velit,
1014 501 1050 560 ut
1074 511 1136 587 par
1168 503 1245 577 est,

129 631 262 681 monere
280 604 425 705 nequit,
440 603 494 678 vel
513 602 596 703 quia
613 601 780 676 interdum
801 601 850 675 ad!
864 601 1006 676 hostiles
1028 619 1062 677 et
1085 601 1248 680 barbares

129 721 321 824 prouincias
356 747 398 795 ne
430 719 564 793 nunciis
592 717 729 817 quidem
755 744 914 792 accessus
941 734 1067 819 pateat;
1087 718 1140 794 vel
1166 720 1249 820 quie

128 864 267 940 prorsus
287 838 461 936 ignoretur
486 835 519 908 in
548 861 636 935 quas
662 834 816 932 regiones
842 834 944 908 luerit
966 850 1174 924 transactus3
1193 835 1248 911 uel

128 955 204 1056 guia
236 952 372 1028 itineris
403 951 578 1051 longitudo
610 976 767 1050 magnam
796 950 895 1026 alfort
924 951 1186 1041 difficultatem
1214 968 1249 1028 et

128 1087 302 1172 praeterea
329 1069 503 1144 rarissime
519 1083 554 1143 et
570 1067 606 1141 in
624 1092 707 1141 casu
727 1067 878 1165 urgentis
901 1067 1128 1142 necessitatis.
1145 1069 1249 1144 Extra

128 1185 189 1263 bos
213 1211 320 1261 cesus
341 1185 479 1260 omnino
496 1183 569 1258 fieri
587 1183 687 1258 debet
704 1182 947 1283 interpellatio,
968 1182 1101 1259 etiamsi
1118 1183 1248 1260 inutilis

127 1317 181 1375 aut
206 1299 400 1400 periculosa
429 1299 602 1385 videatur,
630 1297 660 1372 si
688 1295 799 1373 fidelis
824 1297 906 1372 uelit
930 1297 973 1372 ad
998 1297 1085 1373 alias
1111 1299 1248 1401 nuptias

127 1416 296 1503 transire,
323 1440 387 1489 nec
410 1413 455 1488 ab
479 1440 520 1489 ea
545 1413 736 1513 dispensari
766 1428 877 1514 potest
901 1413 973 1488 sive
997 1413 1176 1503 timeatur,
1205 1439 1251 1490 ne

127 1530 277 1606 infidelis
302 1529 556 1630 interpellatus,
585 1527 674 1604 sicut
699 1527 807 1628 prima
832 1528 908 1603 vice
932 1555 1069 1604 uxorem
1095 1529 1252 1606 uendidit

127 1648 283 1725 eamdem
316 1660 546 1749 recuperatam
579 1645 699 1719 iterum
724 1645 870 1732 rendat3
906 1645 978 1720 siue
1012 1661 1252 1746 praesumatur

127 1791 204 1842 arm
225 1762 464 1852 fundamento,
484 1760 539 1838 vel
555 1788 596 1836 ex
611 1761 887 1837 dissensionibus
904 1762 1086 1861 coniugum
1099 1763 1135 1835 in
1149 1789 1248 1864 prae·

128 1879 261 1956 cedenti
294 1877 572 1965 cohabitatione,
599 1876 653 1952 vel
678 1875 811 1952 exalia
840 1876 962 1977 quavis
998 1876 1251 1952 circumstantia

128 2013 259 2098 partem
284 1993 457 2069 infidelem
482 1993 572 2069 nolle
595 1994 716 2069 redire.
747 1993 845 2081 Quod
871 1994 901 2067 si
927 1991 1114 2094 periculum
1139 1993 1248 2084 adsit,

128 2139 169 2188 ne
194 2112 286 2186 sacta
311 2109 601 2210 interpellatione,
630 2109 764 2184 exinde·
777 2111 904 2185 oriatur
925 2109 1080 2184 molestia
1096 2136 1158 2184 seu
1177 2136 1252 2211 per·

128 2227 258 2303 secutio
281 2242 398 2301 contra
425 2225 652 2315 christianos,
681 2227 877 2301 huiusmodi
898 2253 999 2301 casua
1018 2226 1189 2301 deleratur
1204 2225 1249 2299 ad

127 2343 293 2419 ricarium
318 2342 567 2443 apostolicum,
596 2357 633 2417 ut
658 2370 688 2416 s.
710 2343 809 2418 sedes
834 2342 1045 2431 consulatur,
1074 2358 1173 2444 prout
1196 2367 1250 2417 re-

128 2486 292 2563 sponsum
317 2475 370 2535 est
395 2460 430 2532 in
454 2460 759 2559 congregationes.
777 2459 880 2535 oflicii
899 2485 955 2533 an.
973 2461 1081 2532 laea.
1097 2456 1148 2534 De
1164 2458 1250 2535 duo-

128 2575 190 2652 bus
217 2602 319 2678 porro
344 2576 520 2649 dumtaxat
536 2576 610 2650 fieri
629 2576 729 2650 debet
747 2575 970 2677 interpellatio
986 2600 1108 2676 nempe
1120 2578 1155 2648 1.
1168 2603 1250 2650 num

129 2718 208 2792 pars
233 2690 384 2766 infidelis
408 2691 491 2767 velit
515 2692 685 2779 converti3
708 2693 742 2764 2.
759 2719 840 2765 num
864 2691 984 2767 saltem
1008 2690 1090 2768 relit
1109 2692 1251 2768 cobabi-

131 2823 200 2884 tare
225 2807 358 2908 absque
382 2807 587 2883 contumclia
611 2807 792 2883 Creator-is.

198 2924 385 2998 advertent
400 2923 504 2997 iidem
528 2923 757 3013 missionarii,
779 2923 912 3000 fidelem
932 2951 1008 3000 cum
1026 2951 1093 3027 quo
1111 2925 1251 3026 dispen-

132 3057 244 3127 setur,
274 3065 342 3114 non
373 3065 475 3140 posse
504 3065 627 3114 norum
659 3041 908 3115 matrimonium
941 3040 1051 3127 inire,
1080 3040 1147 3114 nisi
1172 3064 1249 3114 cum

133 3156 221 3231 fideli
247 3156 440 3256 baptizata,
460 3156 599 3230 minime
614 3182 694 3232 vero
711 3157 951 3231 catechumena
968 3158 1057 3252 (38).
1075 3157 1250 3228 Praeterea

134 3273 242 3347 adbuc
267 3270 446 3369 diligenter
470 3271 673 3360 observent,
702 3270 795 3373 quod
824 3272 860 3344 in
886 3296 1089 3370 unoquoque
1115 3269 1249 3343 illorum

134 3411 272 3461 casuum
297 3387 332 3458 in
358 3386 484 3486 quibus
509 3388 737 3462 necessarium
760 3386 958 3460 iudicabunt
982 3385 1181 3485 dispensare
1206 3384 1250 3459 ab

136 3500 421 3604 interpellatione,
442 3528 509 3576 non
536 3504 703 3593 sufficiat,
725 3519 762 3576 ut
778 3503 915 3577 omnino
942 3502 1010 3576 sint
1034 3501 1189 3601 persuasi
1207 3501 1251 3577 de

136 3616 427 3720 impossibilitate,
443 3633 502 3691 aut
519 3618 716 3717 difficultate
734 3618 826 3692 illam
844 3617 1052 3720 exequendi,
1073 3617 1134 3693 sed
1151 3643 1250 3719 opor-

204 3873 259 3937 (se)
277 3876 307 3924 st
318 3887 377 3925 uero
388 3875 425 3924 sic
438 3875 547 3926 ‹lecisunr
565 3876 612 3927 ruit
625 3891 640 3927 a
653 3890 703 3928 sec.
716 3889 829 3941 congreg.
842 3876 873 3927 de
887 3890 987 3942 propag.
999 3879 1048 3928 lide
1059 3878 1084 3927 ln
1096 3878 1253 3940 responsloee

136 3953 187 4005 era
204 3954 285 4004 drrblo
301 3955 452 4019 propositos
465 3959 495 4006 D.
508 3957 618 4007 Ghislein
641 3957 795 4008 missionario
813 3958 914 4021 Pellnl,
933 3957 1159 4008 nlmlram:«1lum
1177 3956 1253 4009 verbe

136 4047 156 4086 ι.
166 4036 240 4087 Pauli
255 4037 277 4085 1.
292 4038 351 4086 cor.
362 4049 385 4086 c.
397 4040 420 4086 7.
429 4049 453 4084 v.
466 4044 502 4087 te.
513 4036 587 4095 Quod
597 4040 620 4087 st
631 4037 746 4100 tnfldelte
756 4038 880 4099 discedit,
897 4037 1029 4101 dtsecdet,
1047 4039 1081 4089 ite
1094 4037 1253 4102 intelligenda

135 4117 205 4169 etiam
221 4118 276 4167 alat
288 4115 321 4166 de
333 4117 530 4180 catechumenis,
547 4131 590 4168 seo
607 4119 702 4182 potius,
718 4122 802 4170 uuum
818 4119 898 4170 Titius
913 4119 1103 4170 catechumenus
1119 4120 1195 4184 possit
1210 4118 1253 4169 du·

133 4209 183 4248 aare
203 4197 322 4248 berthem
339 4198 554 4261 catechumenam,
568 4202 619 4250 ete
633 4212 678 4249 suo
693 4201 782 4252 merito
801 4200 893 4252 infideli
910 4203 1008 4266 propter
1024 4200 1165 4264 raligIonem
1182 4214 1252 4264 repu-

132 4275 258 4330 emama-
268 4281 341 4342 Resp.
358 4285 393 4328 te.
406 4281 503 4329 tenear.
519 4279 702 4330 reservabo
717 4280 760 4331 illa
776 4281 854 4333 macti
871 4281 941 4334 Pauli
957 4293 1006 4332 non
1025 4293 1078 4333 esse
1094 4279 1254 4345 intelligenda

132 4358 160 4411 de
173 4358 376 4423 catechumenis,
390 4358 433 4410 sed
449 4356 481 4410 de
497 4358 625 4424 baptizetis
639 4363 762 4412 mum.»
