<?xml version="1.0" encoding="UTF-8"?>
<!DOCTYPE html PUBLIC "-//W3C//DTD XHTML 1.0 Transitional//EN"
    "http://www.w3.org/TR/xhtml1/DTD/xhtml1-transitional.dtd">
<html xmlns="http://www.w3.org/1999/xhtml" xml:lang="en" lang="en">
 <head>
  <title>
</title>
<meta http-equiv="Content-Type" content="text/html;charset=utf-8" />
  <meta name='ocr-system' content='tesseract 3.04.00' />
  <meta name='ocr-capabilities' content='ocr_page ocr_carea ocr_par ocr_line ocrx_word'/>
</head>
<body>
  <div class='ocr_page' id='page_1' title='image "./dematrimoniochr02perrgoog_0076.png"; bbox 0 0 2804 5062; ppageno 0'>
   <div class='ocr_carea' id='block_1_1' title="bbox 212 367 1232 435">
    <p class='ocr_par' dir='ltr' id='par_1_1' title="bbox 212 367 1232 435">
     <span class='ocr_line' id='line_1_1' title="bbox 212 367 1232 435; baseline 0.005 -5"><span class='ocrx_word' id='word_1_1' title='bbox 212 383 275 430; x_wconf 72' lang='lat' dir='ltr'><strong>cct’.</strong></span> <span class='ocrx_word' id='word_1_2' title='bbox 286 380 321 429; x_wconf 85' lang='lat' dir='ltr'><strong>ll.</strong></span> <span class='ocrx_word' id='word_1_3' title='bbox 333 381 372 429; x_wconf 76' lang='lat' dir='ltr'><strong>uu</strong></span> <span class='ocrx_word' id='word_1_4' title='bbox 387 380 473 430; x_wconf 73' lang='lat' dir='ltr'><strong>ECGL·</strong></span> <span class='ocrx_word' id='word_1_5' title='bbox 488 381 611 431; x_wconf 69' lang='lat' dir='ltr'><strong>retusa.</strong></span> <span class='ocrx_word' id='word_1_6' title='bbox 624 382 731 433; x_wconf 73' lang='lat' dir='ltr'><strong>coust.</strong></span> <span class='ocrx_word' id='word_1_7' title='bbox 746 384 811 432; x_wconf 76' lang='lat' dir='ltr'><strong>m.</strong></span> <span class='ocrx_word' id='word_1_8' title='bbox 823 384 916 434; x_wconf 76' lang='lat' dir='ltr'><strong>fflll.</strong></span> <span class='ocrx_word' id='word_1_9' title='bbox 929 384 992 433; x_wconf 79' lang='lat' dir='ltr'><strong>utu.</strong></span> <span class='ocrx_word' id='word_1_10' title='bbox 1006 385 1077 433; x_wconf 78' lang='lat' dir='ltr'><strong>ant.</strong></span> <span class='ocrx_word' id='word_1_11' title='bbox 1091 387 1134 434; x_wconf 83' lang='lat' dir='ltr'><strong>tv.</strong></span> <span class='ocrx_word' id='word_1_12' title='bbox 1192 367 1232 435; x_wconf 76' lang='lat' dir='ltr'><strong>&#39;ll</strong></span> 
     </span>
    </p>
   </div>
   <div class='ocr_carea' id='block_1_2' title="bbox 141 501 1303 3580">
    <p class='ocr_par' dir='ltr' id='par_1_2' title="bbox 141 501 1240 1173">
     <span class='ocr_line' id='line_1_2' title="bbox 151 501 1237 599; baseline 0.006 -27"><span class='ocrx_word' id='word_1_13' title='bbox 151 503 294 586; x_wconf 86' lang='lat' dir='ltr'><strong>tentiam,</strong></span> <span class='ocrx_word' id='word_1_14' title='bbox 325 501 531 596; x_wconf 83' lang='lat' dir='ltr'>argumentis</span> <span class='ocrx_word' id='word_1_15' title='bbox 558 502 669 599; x_wconf 87' lang='lat' dir='ltr'><strong>petitis</strong></span> <span class='ocrx_word' id='word_1_16' title='bbox 690 528 731 574; x_wconf 82' lang='lat' dir='ltr'><strong>ex</strong></span> <span class='ocrx_word' id='word_1_17' title='bbox 751 501 919 599; x_wconf 85' lang='lat' dir='ltr'><strong>pontificia</strong></span> <span class='ocrx_word' id='word_1_18' title='bbox 950 505 1169 592; x_wconf 84' lang='lat' dir='ltr'><strong>auctoritate,</strong></span> <span class='ocrx_word' id='word_1_19' title='bbox 1197 534 1237 580; x_wconf 84' lang='lat' dir='ltr'><strong>ex</strong></span> 
     </span>
     <span class='ocr_line' id='line_1_3' title="bbox 148 616 1234 713; baseline 0.004 -25"><span class='ocrx_word' id='word_1_20' title='bbox 148 616 265 689; x_wconf 87' lang='lat' dir='ltr'><strong>concilii</strong></span> <span class='ocrx_word' id='word_1_21' title='bbox 289 616 399 713; x_wconf 92' lang='lat' dir='ltr'><strong>ipsius</strong></span> <span class='ocrx_word' id='word_1_22' title='bbox 417 616 586 688; x_wconf 85' lang='lat' dir='ltr'><strong>tridentini</strong></span> <span class='ocrx_word' id='word_1_23' title='bbox 608 634 718 690; x_wconf 90' lang='lat' dir='ltr'><strong>mente</strong></span> <span class='ocrx_word' id='word_1_24' title='bbox 738 617 773 688; x_wconf 92' lang='lat' dir='ltr'><strong>in</strong></span> <span class='ocrx_word' id='word_1_25' title='bbox 792 617 845 689; x_wconf 92' lang='lat' dir='ltr'><strong>his</strong></span> <span class='ocrx_word' id='word_1_26' title='bbox 864 618 1047 691; x_wconf 89' lang='lat' dir='ltr'><strong>canonibus</strong></span> <span class='ocrx_word' id='word_1_27' title='bbox 1073 621 1234 707; x_wconf 86' lang='lat' dir='ltr'><strong>edendis;</strong></span> 
     </span>
     <span class='ocr_line' id='line_1_4' title="bbox 147 731 1239 835; baseline 0.001 -30"><span class='ocrx_word' id='word_1_28' title='bbox 147 759 180 805; x_wconf 81' lang='lat' dir='ltr'><strong>er</strong></span> <span class='ocrx_word' id='word_1_29' title='bbox 202 731 347 803; x_wconf 75' lang='lat' dir='ltr'><strong>falsitate</strong></span> <span class='ocrx_word' id='word_1_30' title='bbox 373 732 564 804; x_wconf 88' lang='lat' dir='ltr'><strong>eorumdem</strong></span> <span class='ocrx_word' id='word_1_31' title='bbox 590 758 752 807; x_wconf 87' lang='lat' dir='ltr'><strong>cenenum</strong></span> <span class='ocrx_word' id='word_1_32' title='bbox 779 734 813 804; x_wconf 91' lang='lat' dir='ltr'><strong>in</strong></span> <span class='ocrx_word' id='word_1_33' title='bbox 839 732 1105 808; x_wconf 86' lang='lat' dir='ltr'><strong>adversariorum</strong></span> <span class='ocrx_word' id='word_1_34' title='bbox 1132 735 1239 835; x_wconf 77' lang='lat' dir='ltr'><strong>hypn-</strong></span> 
     </span>
     <span class='ocr_line' id='line_1_5' title="bbox 148 846 1239 946; baseline 0.004 -28"><span class='ocrx_word' id='word_1_35' title='bbox 148 846 240 934; x_wconf 76' lang='lat' dir='ltr'><strong>lhcsi5</strong></span> <span class='ocrx_word' id='word_1_36' title='bbox 265 864 368 944; x_wconf 90' lang='lat' dir='ltr'><strong>atque</strong></span> <span class='ocrx_word' id='word_1_37' title='bbox 393 872 433 918; x_wconf 83' lang='lat' dir='ltr'><strong>cx</strong></span> <span class='ocrx_word' id='word_1_38' title='bbox 458 846 635 920; x_wconf 90' lang='lat' dir='ltr'><strong>adiunctis.</strong></span> <span class='ocrx_word' id='word_1_39' title='bbox 657 847 728 921; x_wconf 89' lang='lat' dir='ltr'><strong>Hoc</strong></span> <span class='ocrx_word' id='word_1_40' title='bbox 748 863 861 946; x_wconf 89' lang='lat' dir='ltr'><strong>pacto,</strong></span> <span class='ocrx_word' id='word_1_41' title='bbox 887 874 953 920; x_wconf 91' lang='lat' dir='ltr'><strong>non</strong></span> <span class='ocrx_word' id='word_1_42' title='bbox 980 848 1089 922; x_wconf 91' lang='lat' dir='ltr'><strong>dicam</strong></span> <span class='ocrx_word' id='word_1_43' title='bbox 1115 851 1239 946; x_wconf 85' lang='lat' dir='ltr'><strong>gratui-</strong></span> 
     </span>
     <span class='ocr_line' id='line_1_6' title="bbox 143 960 1240 1059; baseline 0.003 -26"><span class='ocrx_word' id='word_1_44' title='bbox 143 977 200 1033; x_wconf 84' lang='lat' dir='ltr'><strong>tam</strong></span> <span class='ocrx_word' id='word_1_45' title='bbox 224 989 266 1033; x_wconf 89' lang='lat' dir='ltr'><strong>ac</strong></span> <span class='ocrx_word' id='word_1_46' title='bbox 291 960 437 1044; x_wconf 77' lang='lat' dir='ltr'><strong>falsam,</strong></span> <span class='ocrx_word' id='word_1_47' title='bbox 464 961 521 1032; x_wconf 88' lang='lat' dir='ltr'><strong>sed</strong></span> <span class='ocrx_word' id='word_1_48' title='bbox 549 961 647 1059; x_wconf 89' lang='lat' dir='ltr'><strong>plane</strong></span> <span class='ocrx_word' id='word_1_49' title='bbox 672 988 841 1034; x_wconf 86' lang='lat' dir='ltr'><strong>erroneam</strong></span> <span class='ocrx_word' id='word_1_50' title='bbox 858 978 892 1034; x_wconf 88' lang='lat' dir='ltr'><strong>et</strong></span> <span class='ocrx_word' id='word_1_51' title='bbox 911 961 1144 1035; x_wconf 87' lang='lat' dir='ltr'><strong>hacretiealem</strong></span> <span class='ocrx_word' id='word_1_52' title='bbox 1166 990 1240 1053; x_wconf 87' lang='lat' dir='ltr'><strong>esse</strong></span> 
     </span>
     <span class='ocr_line' id='line_1_7' title="bbox 141 1076 1097 1173; baseline -0.001 -24"><span class='ocrx_word' id='word_1_53' title='bbox 141 1076 302 1149; x_wconf 89' lang='lat' dir='ltr'><strong>eiusmodi</strong></span> <span class='ocrx_word' id='word_1_54' title='bbox 327 1076 514 1148; x_wconf 82' lang='lat' dir='ltr'><strong>doctrinam</strong></span> <span class='ocrx_word' id='word_1_55' title='bbox 540 1077 750 1173; x_wconf 88' lang='lat' dir='ltr'><strong>apertissime</strong></span> <span class='ocrx_word' id='word_1_56' title='bbox 779 1078 990 1151; x_wconf 83' lang='lat' dir='ltr'><strong>ostendemus</strong></span> <span class='ocrx_word' id='word_1_57' title='bbox 1009 1081 1097 1172; x_wconf 72' lang='lat' dir='ltr'><strong>(dl).</strong></span> 
     </span>
    </p>

    <p class='ocr_par' dir='ltr' id='par_1_3' title="bbox 141 1191 1303 3580">
     <span class='ocr_line' id='line_1_8' title="bbox 211 1191 1240 1293; baseline 0.007 -32"><span class='ocrx_word' id='word_1_58' title='bbox 211 1193 238 1261; x_wconf 91' lang='lat' dir='ltr'><strong>l.</strong></span> <span class='ocrx_word' id='word_1_59' title='bbox 265 1191 312 1263; x_wconf 80' lang='lat' dir='ltr'><strong>hc</strong></span> <span class='ocrx_word' id='word_1_60' title='bbox 339 1192 446 1289; x_wconf 91' lang='lat' dir='ltr'><strong>primo</strong></span> <span class='ocrx_word' id='word_1_61' title='bbox 463 1217 503 1263; x_wconf 81' lang='lat' dir='ltr'><strong>ex</strong></span> <span class='ocrx_word' id='word_1_62' title='bbox 521 1192 725 1264; x_wconf 88' lang='lat' dir='ltr'><strong>auctoritate.</strong></span> <span class='ocrx_word' id='word_1_63' title='bbox 747 1192 829 1265; x_wconf 84' lang='lat' dir='ltr'><strong>Cum</strong></span> <span class='ocrx_word' id='word_1_64' title='bbox 854 1193 945 1264; x_wconf 87' lang='lat' dir='ltr'><strong>euim</strong></span> <span class='ocrx_word' id='word_1_65' title='bbox 966 1193 1240 1293; x_wconf 67' lang='lat' dir='ltr'><strong>archiepiscopus</strong></span> 
     </span>
     <span class='ocr_line' id='line_1_9' title="bbox 145 1304 1236 1406; baseline 0.004 -31"><span class='ocrx_word' id='word_1_66' title='bbox 145 1305 332 1376; x_wconf 76' lang='lat' dir='ltr'><strong>trevirensis</strong></span> <span class='ocrx_word' id='word_1_67' title='bbox 363 1304 535 1375; x_wconf 81' lang='lat' dir='ltr'><strong>certiorem</strong></span> <span class='ocrx_word' id='word_1_68' title='bbox 567 1304 699 1378; x_wconf 87' lang='lat' dir='ltr'><strong>lecisset</strong></span> <span class='ocrx_word' id='word_1_69' title='bbox 724 1334 783 1406; x_wconf 90' lang='lat' dir='ltr'><strong>per</strong></span> <span class='ocrx_word' id='word_1_70' title='bbox 807 1307 934 1380; x_wconf 81' lang='lat' dir='ltr'><strong>litteras</strong></span> <span class='ocrx_word' id='word_1_71' title='bbox 960 1334 1040 1380; x_wconf 88' lang='lat' dir='ltr'><strong>suas</strong></span> <span class='ocrx_word' id='word_1_72' title='bbox 1067 1309 1160 1380; x_wconf 91' lang='lat' dir='ltr'><strong>Pium</strong></span> <span class='ocrx_word' id='word_1_73' title='bbox 1186 1309 1236 1380; x_wconf 84' lang='lat' dir='ltr'><strong>Vl.</strong></span> 
     </span>
     <span class='ocr_line' id='line_1_10' title="bbox 141 1418 1242 1522; baseline 0.004 -32"><span class='ocrx_word' id='word_1_74' title='bbox 141 1420 178 1492; x_wconf 92' lang='lat' dir='ltr'><strong>de</strong></span> <span class='ocrx_word' id='word_1_75' title='bbox 201 1418 442 1492; x_wconf 92' lang='lat' dir='ltr'><strong>nonnullorum</strong></span> <span class='ocrx_word' id='word_1_76' title='bbox 467 1421 648 1492; x_wconf 87' lang='lat' dir='ltr'><strong>recentium</strong></span> <span class='ocrx_word' id='word_1_77' title='bbox 668 1422 1022 1522; x_wconf 89' lang='lat' dir='ltr'><strong>pseudo-politicorum</strong></span> <span class='ocrx_word' id='word_1_78' title='bbox 1050 1440 1082 1496; x_wconf 85' lang='lat' dir='ltr'><strong>et</strong></span> <span class='ocrx_word' id='word_1_79' title='bbox 1106 1426 1242 1498; x_wconf 90' lang='lat' dir='ltr'><strong>eanoni-</strong></span> 
     </span>
     <span class='ocr_line' id='line_1_11' title="bbox 142 1533 1238 1636; baseline 0.001 -29"><span class='ocrx_word' id='word_1_80' title='bbox 142 1552 263 1607; x_wconf 83' lang='lat' dir='ltr'><strong>starum</strong></span> <span class='ocrx_word' id='word_1_81' title='bbox 280 1533 463 1619; x_wconf 85' lang='lat' dir='ltr'><strong>senteutia,</strong></span> <span class='ocrx_word' id='word_1_82' title='bbox 480 1535 570 1632; x_wconf 86' lang='lat' dir='ltr'><strong>qued</strong></span> <span class='ocrx_word' id='word_1_83' title='bbox 589 1535 730 1610; x_wconf 88' lang='lat' dir='ltr'><strong>ecclesia</strong></span> <span class='ocrx_word' id='word_1_84' title='bbox 747 1563 787 1611; x_wconf 80' lang='lat' dir='ltr'><strong>ex</strong></span> <span class='ocrx_word' id='word_1_85' title='bbox 806 1537 993 1636; x_wconf 89' lang='lat' dir='ltr'><strong>principum</strong></span> <span class='ocrx_word' id='word_1_86' title='bbox 1015 1537 1238 1634; x_wconf 80' lang='lat' dir='ltr'><strong>indulgentia,</strong></span> 
     </span>
     <span class='ocr_line' id='line_1_12' title="bbox 142 1649 1244 1748; baseline 0.004 -27"><span class='ocrx_word' id='word_1_87' title='bbox 142 1677 200 1723; x_wconf 92' lang='lat' dir='ltr'><strong>non</strong></span> <span class='ocrx_word' id='word_1_88' title='bbox 218 1664 333 1721; x_wconf 86' lang='lat' dir='ltr'><strong>autem</strong></span> <span class='ocrx_word' id='word_1_89' title='bbox 356 1674 396 1719; x_wconf 83' lang='lat' dir='ltr'><strong>ex</strong></span> <span class='ocrx_word' id='word_1_90' title='bbox 416 1649 551 1746; x_wconf 92' lang='lat' dir='ltr'><strong>propria</strong></span> <span class='ocrx_word' id='word_1_91' title='bbox 568 1676 607 1721; x_wconf 92' lang='lat' dir='ltr'><strong>ac</strong></span> <span class='ocrx_word' id='word_1_92' title='bbox 624 1651 807 1748; x_wconf 83' lang='lat' dir='ltr'><strong>originaria</strong></span> <span class='ocrx_word' id='word_1_93' title='bbox 823 1654 1020 1727; x_wconf 87' lang='lat' dir='ltr'><strong>auctoritate</strong></span> <span class='ocrx_word' id='word_1_94' title='bbox 1035 1653 1244 1726; x_wconf 86' lang='lat' dir='ltr'><strong>constituerit</strong></span> 
     </span>
     <span class='ocr_line' id='line_1_13' title="bbox 143 1763 1241 1864; baseline 0.002 -29"><span class='ocrx_word' id='word_1_95' title='bbox 143 1763 378 1862; x_wconf 86' lang='lat' dir='ltr'><strong>impedimenta</strong></span> <span class='ocrx_word' id='word_1_96' title='bbox 403 1764 647 1836; x_wconf 84' lang='lat' dir='ltr'><strong>matrimonium</strong></span> <span class='ocrx_word' id='word_1_97' title='bbox 678 1765 886 1851; x_wconf 88' lang='lat' dir='ltr'><strong>dirimentia,</strong></span> <span class='ocrx_word' id='word_1_98' title='bbox 920 1793 1070 1840; x_wconf 88' lang='lat' dir='ltr'><strong>summus</strong></span> <span class='ocrx_word' id='word_1_99' title='bbox 1096 1766 1241 1864; x_wconf 79' lang='lat' dir='ltr'><strong>pontifex</strong></span> 
     </span>
     <span class='ocr_line' id='line_1_14' title="bbox 144 1879 1244 1978; baseline -0.001 -26"><span class='ocrx_word' id='word_1_100' title='bbox 144 1905 196 1976; x_wconf 90' lang='lat' dir='ltr'><strong>pro</strong></span> <span class='ocrx_word' id='word_1_101' title='bbox 220 1904 364 1951; x_wconf 87' lang='lat' dir='ltr'><strong>munere</strong></span> <span class='ocrx_word' id='word_1_102' title='bbox 381 1903 444 1951; x_wconf 94' lang='lat' dir='ltr'><strong>sno</strong></span> <span class='ocrx_word' id='word_1_103' title='bbox 462 1879 516 1951; x_wconf 94' lang='lat' dir='ltr'><strong>his</strong></span> <span class='ocrx_word' id='word_1_104' title='bbox 534 1880 644 1953; x_wconf 86' lang='lat' dir='ltr'><strong>verbis</strong></span> <span class='ocrx_word' id='word_1_105' title='bbox 662 1882 796 1952; x_wconf 88' lang='lat' dir='ltr'><strong>adeum</strong></span> <span class='ocrx_word' id='word_1_106' title='bbox 816 1881 1007 1978; x_wconf 86' lang='lat' dir='ltr'><strong>rescripsit:</strong></span> <span class='ocrx_word' id='word_1_107' title='bbox 1028 1881 1244 1953; x_wconf 79' lang='lat' dir='ltr'><strong>«Auctorita-</strong></span> 
     </span>
     <span class='ocr_line' id='line_1_15' title="bbox 147 1992 1244 2092; baseline 0.001 -28"><span class='ocrx_word' id='word_1_108' title='bbox 147 2009 205 2064; x_wconf 85' lang='lat' dir='ltr'><strong>tem</strong></span> <span class='ocrx_word' id='word_1_109' title='bbox 232 2018 317 2065; x_wconf 86' lang='lat' dir='ltr'><strong>sanc</strong></span> <span class='ocrx_word' id='word_1_110' title='bbox 343 1992 568 2066; x_wconf 84' lang='lat' dir='ltr'><strong>constituendi</strong></span> <span class='ocrx_word' id='word_1_111' title='bbox 594 1994 851 2067; x_wconf 87' lang='lat' dir='ltr'><strong>matrimonialia</strong></span> <span class='ocrx_word' id='word_1_112' title='bbox 879 1993 1116 2092; x_wconf 85' lang='lat' dir='ltr'><strong>impedimenta</strong></span> <span class='ocrx_word' id='word_1_113' title='bbox 1142 2019 1244 2091; x_wconf 85' lang='lat' dir='ltr'><strong>penes</strong></span> 
     </span>
     <span class='ocr_line' id='line_1_16' title="bbox 149 2105 1241 2206; baseline 0.001 -28"><span class='ocrx_word' id='word_1_114' title='bbox 149 2105 316 2180; x_wconf 87' lang='lat' dir='ltr'><strong>ecelesiam</strong></span> <span class='ocrx_word' id='word_1_115' title='bbox 342 2133 438 2192; x_wconf 89' lang='lat' dir='ltr'><strong>esse,</strong></span> <span class='ocrx_word' id='word_1_116' title='bbox 468 2107 612 2182; x_wconf 91' lang='lat' dir='ltr'><strong>dubitari</strong></span> <span class='ocrx_word' id='word_1_117' title='bbox 644 2109 734 2182; x_wconf 92' lang='lat' dir='ltr'><strong>nullo</strong></span> <span class='ocrx_word' id='word_1_118' title='bbox 762 2109 860 2183; x_wconf 91' lang='lat' dir='ltr'><strong>modo</strong></span> <span class='ocrx_word' id='word_1_119' title='bbox 879 2136 900 2182; x_wconf 94' lang='lat' dir='ltr'><strong>a</strong></span> <span class='ocrx_word' id='word_1_120' title='bbox 916 2108 1089 2182; x_wconf 88' lang='lat' dir='ltr'><strong>catholicis</strong></span> <span class='ocrx_word' id='word_1_121' title='bbox 1119 2124 1241 2206; x_wconf 85' lang='lat' dir='ltr'><strong>petest,</strong></span> 
     </span>
     <span class='ocr_line' id='line_1_17' title="bbox 146 2222 1241 2321; baseline -0.002 -28"><span class='ocrx_word' id='word_1_122' title='bbox 146 2250 213 2294; x_wconf 79' lang='lat' dir='ltr'><strong>cum</strong></span> <span class='ocrx_word' id='word_1_123' title='bbox 224 2222 261 2295; x_wconf 79' lang='lat' dir='ltr'><strong>id</strong></span> <span class='ocrx_word' id='word_1_124' title='bbox 274 2223 456 2321; x_wconf 70' lang='lat' dir='ltr'><strong>definierit,</strong></span> <span class='ocrx_word' id='word_1_125' title='bbox 475 2223 689 2297; x_wconf 87' lang='lat' dir='ltr'><strong>tridentinum</strong></span> <span class='ocrx_word' id='word_1_126' title='bbox 699 2224 875 2298; x_wconf 89' lang='lat' dir='ltr'><strong>concilium</strong></span> <span class='ocrx_word' id='word_1_127' title='bbox 885 2251 971 2298; x_wconf 89' lang='lat' dir='ltr'><strong>sess.</strong></span> <span class='ocrx_word' id='word_1_128' title='bbox 982 2224 1092 2295; x_wconf 76' lang='lat' dir='ltr'><strong>xxtv.</strong></span> <span class='ocrx_word' id='word_1_129' title='bbox 1104 2249 1178 2295; x_wconf 91' lang='lat' dir='ltr'><strong>can.</strong></span> <span class='ocrx_word' id='word_1_130' title='bbox 1190 2223 1241 2293; x_wconf 89' lang='lat' dir='ltr'><strong>lv.</strong></span> 
     </span>
     <span class='ocr_line' id='line_1_18' title="bbox 142 2335 1244 2437; baseline -0.002 -29"><span class='ocrx_word' id='word_1_131' title='bbox 142 2338 179 2409; x_wconf 81' lang='lat' dir='ltr'><strong>Si</strong></span> <span class='ocrx_word' id='word_1_132' title='bbox 196 2339 271 2435; x_wconf 80' lang='lat' dir='ltr'><strong>quis</strong></span> <span class='ocrx_word' id='word_1_133' title='bbox 293 2335 419 2408; x_wconf 77' lang='lat' dir='ltr'><strong>dicerit</strong></span> <span class='ocrx_word' id='word_1_134' title='bbox 437 2338 603 2410; x_wconf 83' lang='lat' dir='ltr'><strong>ecclesiam</strong></span> <span class='ocrx_word' id='word_1_135' title='bbox 628 2367 691 2412; x_wconf 82' lang='lat' dir='ltr'><strong>noc</strong></span> <span class='ocrx_word' id='word_1_136' title='bbox 708 2341 849 2437; x_wconf 82' lang='lat' dir='ltr'><strong>potuisse</strong></span> <span class='ocrx_word' id='word_1_137' title='bbox 874 2355 932 2411; x_wconf 84' lang='lat' dir='ltr'><strong>etc.</strong></span> <span class='ocrx_word' id='word_1_138' title='bbox 950 2366 990 2411; x_wconf 77' lang='lat' dir='ltr'><strong>ex</strong></span> <span class='ocrx_word' id='word_1_139' title='bbox 1008 2362 1075 2437; x_wconf 91' lang='lat' dir='ltr'><strong>quo</strong></span> <span class='ocrx_word' id='word_1_140' title='bbox 1090 2336 1244 2409; x_wconf 84' lang='lat' dir='ltr'><strong>catholici</strong></span> 
     </span>
     <span class='ocr_line' id='line_1_19' title="bbox 144 2449 1246 2552; baseline -0.001 -30"><span class='ocrx_word' id='word_1_141' title='bbox 144 2450 315 2538; x_wconf 85' lang='lat' dir='ltr'><strong>doctores,</strong></span> <span class='ocrx_word' id='word_1_142' title='bbox 347 2449 396 2521; x_wconf 93' lang='lat' dir='ltr'><strong>illi</strong></span> <span class='ocrx_word' id='word_1_143' title='bbox 430 2451 550 2538; x_wconf 89' lang='lat' dir='ltr'><strong>etiam,</strong></span> <span class='ocrx_word' id='word_1_144' title='bbox 579 2453 636 2552; x_wconf 90' lang='lat' dir='ltr'><strong>qui</strong></span> <span class='ocrx_word' id='word_1_145' title='bbox 671 2453 849 2550; x_wconf 91' lang='lat' dir='ltr'><strong>plurimum</strong></span> <span class='ocrx_word' id='word_1_146' title='bbox 884 2453 988 2526; x_wconf 88' lang='lat' dir='ltr'><strong>laicae</strong></span> <span class='ocrx_word' id='word_1_147' title='bbox 1019 2450 1172 2549; x_wconf 88' lang='lat' dir='ltr'><strong>potestati</strong></span> <span class='ocrx_word' id='word_1_148' title='bbox 1198 2450 1246 2521; x_wconf 87' lang='lat' dir='ltr'><strong>la-</strong></span> 
     </span>
     <span class='ocr_line' id='line_1_20' title="bbox 146 2566 1246 2664; baseline -0.002 -25"><span class='ocrx_word' id='word_1_149' title='bbox 146 2585 234 2653; x_wconf 79' lang='lat' dir='ltr'><strong>vent,</strong></span> <span class='ocrx_word' id='word_1_150' title='bbox 257 2593 298 2639; x_wconf 87' lang='lat' dir='ltr'><strong>ac</strong></span> <span class='ocrx_word' id='word_1_151' title='bbox 318 2566 479 2653; x_wconf 85' lang='lat' dir='ltr'><strong>tribuunt,</strong></span> <span class='ocrx_word' id='word_1_152' title='bbox 507 2569 642 2640; x_wconf 91' lang='lat' dir='ltr'><strong>minime</strong></span> <span class='ocrx_word' id='word_1_153' title='bbox 667 2568 860 2641; x_wconf 88' lang='lat' dir='ltr'><strong>dubitarunt</strong></span> <span class='ocrx_word' id='word_1_154' title='bbox 880 2594 1060 2664; x_wconf 79' lang='lat' dir='ltr'><strong>agnoscere</strong></span> <span class='ocrx_word' id='word_1_155' title='bbox 1084 2566 1246 2640; x_wconf 89' lang='lat' dir='ltr'><strong>ecclesiae</strong></span> 
     </span>
     <span class='ocr_line' id='line_1_21' title="bbox 145 2682 1247 2781; baseline -0.003 -26"><span class='ocrx_word' id='word_1_156' title='bbox 145 2708 213 2755; x_wconf 88' lang='lat' dir='ltr'><strong>eam</strong></span> <span class='ocrx_word' id='word_1_157' title='bbox 233 2682 467 2754; x_wconf 87' lang='lat' dir='ltr'><strong>auctoritatem</strong></span> <span class='ocrx_word' id='word_1_158' title='bbox 485 2709 505 2755; x_wconf 90' lang='lat' dir='ltr'><strong>a</strong></span> <span class='ocrx_word' id='word_1_159' title='bbox 522 2682 654 2756; x_wconf 87' lang='lat' dir='ltr'><strong>Christo</strong></span> <span class='ocrx_word' id='word_1_160' title='bbox 671 2684 812 2757; x_wconf 90' lang='lat' dir='ltr'><strong>Domino</strong></span> <span class='ocrx_word' id='word_1_161' title='bbox 829 2710 903 2757; x_wconf 86' lang='lat' dir='ltr'><strong>esse</strong></span> <span class='ocrx_word' id='word_1_162' title='bbox 920 2683 1052 2770; x_wconf 89' lang='lat' dir='ltr'><strong>datam,</strong></span> <span class='ocrx_word' id='word_1_163' title='bbox 1072 2684 1247 2781; x_wconf 88' lang='lat' dir='ltr'><strong>ipsamque</strong></span> 
     </span>
     <span class='ocr_line' id='line_1_22' title="bbox 145 2795 1248 2898; baseline -0.002 -30"><span class='ocrx_word' id='word_1_164' title='bbox 145 2797 201 2870; x_wconf 88' lang='lat' dir='ltr'><strong>illa</strong></span> <span class='ocrx_word' id='word_1_165' title='bbox 229 2824 251 2870; x_wconf 89' lang='lat' dir='ltr'><strong>a</strong></span> <span class='ocrx_word' id='word_1_166' title='bbox 282 2797 403 2896; x_wconf 91' lang='lat' dir='ltr'><strong>primis</strong></span> <span class='ocrx_word' id='word_1_167' title='bbox 434 2797 555 2871; x_wconf 88' lang='lat' dir='ltr'><strong>seculis</strong></span> <span class='ocrx_word' id='word_1_168' title='bbox 581 2798 623 2870; x_wconf 93' lang='lat' dir='ltr'><strong>ad</strong></span> <span class='ocrx_word' id='word_1_169' title='bbox 649 2799 732 2871; x_wconf 88' lang='lat' dir='ltr'><strong>haec</strong></span> <span class='ocrx_word' id='word_1_170' title='bbox 757 2825 863 2897; x_wconf 90' lang='lat' dir='ltr'><strong>usque</strong></span> <span class='ocrx_word' id='word_1_171' title='bbox 898 2816 1045 2898; x_wconf 85' lang='lat' dir='ltr'><strong>tempora</strong></span> <span class='ocrx_word' id='word_1_172' title='bbox 1069 2822 1165 2870; x_wconf 88' lang='lat' dir='ltr'><strong>usam</strong></span> <span class='ocrx_word' id='word_1_173' title='bbox 1197 2795 1248 2866; x_wconf 89' lang='lat' dir='ltr'><strong>lu·</strong></span> 
     </span>
     <span class='ocr_line' id='line_1_23' title="bbox 145 2911 1251 3010; baseline -0.002 -28"><span class='ocrx_word' id='word_1_174' title='bbox 145 2913 273 2985; x_wconf 78' lang='lat' dir='ltr'><strong>isse...</strong></span> <span class='ocrx_word' id='word_1_175' title='bbox 288 2911 376 2984; x_wconf 87' lang='lat' dir='ltr'><strong>Hinc</strong></span> <span class='ocrx_word' id='word_1_176' title='bbox 398 2927 489 2986; x_wconf 88' lang='lat' dir='ltr'><strong>tante</strong></span> <span class='ocrx_word' id='word_1_177' title='bbox 511 2913 618 3010; x_wconf 73' lang='lat' dir='ltr'><strong>magis</strong></span> <span class='ocrx_word' id='word_1_178' title='bbox 639 2914 793 3000; x_wconf 80' lang='lat' dir='ltr'><strong>eflicitur,</strong></span> <span class='ocrx_word' id='word_1_179' title='bbox 814 2915 857 2986; x_wconf 89' lang='lat' dir='ltr'><strong>ab</strong></span> <span class='ocrx_word' id='word_1_180' title='bbox 874 2914 1013 2988; x_wconf 88' lang='lat' dir='ltr'><strong>ecelesia</strong></span> <span class='ocrx_word' id='word_1_181' title='bbox 1027 2914 1160 3010; x_wconf 81' lang='lat' dir='ltr'><strong>proprio</strong></span> <span class='ocrx_word' id='word_1_182' title='bbox 1177 2912 1251 2988; x_wconf 51' lang='lat' dir='ltr'><strong>iure¹</strong></span> 
     </span>
     <span class='ocr_line' id='line_1_24' title="bbox 146 3021 1303 3126; baseline -0.007 -28"><span class='ocrx_word' id='word_1_183' title='bbox 146 3027 328 3099; x_wconf 87' lang='lat' dir='ltr'><strong>constituta</strong></span> <span class='ocrx_word' id='word_1_184' title='bbox 352 3052 429 3098; x_wconf 87' lang='lat' dir='ltr'><strong>csse</strong></span> <span class='ocrx_word' id='word_1_185' title='bbox 455 3026 690 3125; x_wconf 86' lang='lat' dir='ltr'><strong>impedimenta</strong></span> <span class='ocrx_word' id='word_1_186' title='bbox 716 3027 880 3126; x_wconf 87' lang='lat' dir='ltr'><strong>planeque</strong></span> <span class='ocrx_word' id='word_1_187' title='bbox 904 3026 1013 3100; x_wconf 90' lang='lat' dir='ltr'><strong>locum</strong></span> <span class='ocrx_word' id='word_1_188' title='bbox 1037 3025 1119 3122; x_wconf 86' lang='lat' dir='ltr'><strong>eripi</strong></span> <span class='ocrx_word' id='word_1_189' title='bbox 1146 3021 1249 3092; x_wconf 88' lang='lat' dir='ltr'><strong>cavil-</strong></span> <span class='ocrx_word' id='word_1_190' title='bbox 1299 3029 1303 3036; x_wconf 87' lang='lat'>&#39;</span> 
     </span>
     <span class='ocr_line' id='line_1_25' title="bbox 149 3133 1250 3239; baseline -0.006 -29"><span class='ocrx_word' id='word_1_191' title='bbox 149 3139 277 3226; x_wconf 87' lang='lat' dir='ltr'><strong>lationi,</strong></span> <span class='ocrx_word' id='word_1_192' title='bbox 294 3167 364 3238; x_wconf 87' lang='lat' dir='ltr'><strong>qua</strong></span> <span class='ocrx_word' id='word_1_193' title='bbox 376 3140 513 3237; x_wconf 88' lang='lat' dir='ltr'><strong>quidam</strong></span> <span class='ocrx_word' id='word_1_194' title='bbox 528 3140 727 3212; x_wconf 87' lang='lat' dir='ltr'><strong>tridentinae</strong></span> <span class='ocrx_word' id='word_1_195' title='bbox 741 3141 862 3239; x_wconf 80' lang='lat' dir='ltr'><strong>synodi</strong></span> <span class='ocrx_word' id='word_1_196' title='bbox 876 3140 1103 3213; x_wconf 82' lang='lat' dir='ltr'><strong>definitionem</strong></span> <span class='ocrx_word' id='word_1_197' title='bbox 1116 3133 1250 3207; x_wconf 88' lang='lat' dir='ltr'><strong>eludere</strong></span> 
     </span>
     <span class='ocr_line' id='line_1_26' title="bbox 148 3251 1249 3340; baseline -0.009 -13"><span class='ocrx_word' id='word_1_198' title='bbox 148 3254 371 3340; x_wconf 83' lang='lat' dir='ltr'><strong>contendunt,</strong></span> <span class='ocrx_word' id='word_1_199' title='bbox 394 3279 469 3324; x_wconf 88' lang='lat' dir='ltr'><strong>curu</strong></span> <span class='ocrx_word' id='word_1_200' title='bbox 488 3252 612 3339; x_wconf 90' lang='lat' dir='ltr'><strong>dicunt,</strong></span> <span class='ocrx_word' id='word_1_201' title='bbox 635 3254 810 3326; x_wconf 89' lang='lat' dir='ltr'><strong>concilium</strong></span> <span class='ocrx_word' id='word_1_202' title='bbox 829 3279 895 3323; x_wconf 93' lang='lat' dir='ltr'><strong>nen</strong></span> <span class='ocrx_word' id='word_1_203' title='bbox 913 3251 1116 3333; x_wconf 86' lang='lat' dir='ltr'><strong>definivisse,</strong></span> <span class='ocrx_word' id='word_1_204' title='bbox 1138 3262 1249 3318; x_wconf 87' lang='lat' dir='ltr'><strong>utrum</strong></span> 
     </span>
     <span class='ocr_line' id='line_1_27' title="bbox 149 3363 1250 3462; baseline -0.007 -20"><span class='ocrx_word' id='word_1_205' title='bbox 149 3369 230 3442; x_wconf 84' lang='lat' dir='ltr'><strong>haec</strong></span> <span class='ocrx_word' id='word_1_206' title='bbox 256 3366 440 3440; x_wconf 87' lang='lat' dir='ltr'><strong>auctoritas</strong></span> <span class='ocrx_word' id='word_1_207' title='bbox 467 3392 507 3438; x_wconf 86' lang='lat' dir='ltr'><strong>err</strong></span> <span class='ocrx_word' id='word_1_208' title='bbox 532 3366 656 3439; x_wconf 85' lang='lat' dir='ltr'><strong>Christi</strong></span> <span class='ocrx_word' id='word_1_209' title='bbox 682 3367 904 3452; x_wconf 87' lang='lat' dir='ltr'><strong>institutione,</strong></span> <span class='ocrx_word' id='word_1_210' title='bbox 933 3391 975 3437; x_wconf 89' lang='lat' dir='ltr'><strong>an</strong></span> <span class='ocrx_word' id='word_1_211' title='bbox 1000 3391 1039 3437; x_wconf 82' lang='lat' dir='ltr'><strong>ex</strong></span> <span class='ocrx_word' id='word_1_212' title='bbox 1064 3363 1250 3462; x_wconf 89' lang='lat' dir='ltr'><strong>principum</strong></span> 
     </span>
     <span class='ocr_line' id='line_1_28' title="bbox 152 3480 1246 3580; baseline -0.009 -24"><span class='ocrx_word' id='word_1_213' title='bbox 152 3483 359 3580; x_wconf 81' lang='lat' dir='ltr'><strong>indulgentia</strong></span> <span class='ocrx_word' id='word_1_214' title='bbox 374 3482 472 3554; x_wconf 87' lang='lat' dir='ltr'><strong>tacita</strong></span> <span class='ocrx_word' id='word_1_215' title='bbox 488 3481 540 3554; x_wconf 87' lang='lat' dir='ltr'><strong>vel</strong></span> <span class='ocrx_word' id='word_1_216' title='bbox 554 3509 713 3579; x_wconf 85' lang='lat' dir='ltr'><strong>expressa</strong></span> <span class='ocrx_word' id='word_1_217' title='bbox 728 3483 760 3551; x_wconf 93' lang='lat' dir='ltr'><strong>iu</strong></span> <span class='ocrx_word' id='word_1_218' title='bbox 775 3481 947 3553; x_wconf 85' lang='lat' dir='ltr'><strong>ecclesiam</strong></span> <span class='ocrx_word' id='word_1_219' title='bbox 963 3480 1145 3552; x_wconf 84' lang='lat' dir='ltr'><strong>manaverit</strong></span> <span class='ocrx_word' id='word_1_220' title='bbox 1161 3482 1246 3574; x_wconf 77' lang='lat'>(95).</span> 
     </span>
    </p>
   </div>
   <div class='ocr_carea' id='block_1_3' title="bbox 151 3683 1258 4387">
    <p class='ocr_par' dir='ltr' id='par_1_4' title="bbox 151 3683 1255 4135">
     <span class='ocr_line' id='line_1_29' title="bbox 221 3683 1253 3749; baseline -0.008 -11"><span class='ocrx_word' id='word_1_221' title='bbox 221 3687 275 3749; x_wconf 75' lang='lat' dir='ltr'><strong>(st)</strong></span> <span class='ocrx_word' id='word_1_222' title='bbox 289 3686 328 3736; x_wconf 80' lang='lat' dir='ltr'><strong>ct.</strong></span> <span class='ocrx_word' id='word_1_223' title='bbox 343 3684 441 3734; x_wconf 78' lang='lat' dir='ltr'><strong>utouati</strong></span> <span class='ocrx_word' id='word_1_224' title='bbox 459 3687 556 3736; x_wconf 76' lang='lat' dir='ltr'><strong>Naeva</strong></span> <span class='ocrx_word' id='word_1_225' title='bbox 573 3685 659 3746; x_wconf 63' lang='grc' dir='ltr'><strong>ἅψεα</strong></span> <span class='ocrx_word' id='word_1_226' title='bbox 676 3685 718 3736; x_wconf 82' lang='lat' dir='ltr'><strong>det</strong></span> <span class='ocrx_word' id='word_1_227' title='bbox 736 3688 831 3735; x_wconf 81' lang='lat' dir='ltr'><strong>canent</strong></span> <span class='ocrx_word' id='word_1_228' title='bbox 842 3687 884 3736; x_wconf 84' lang='lat'>111.</span> <span class='ocrx_word' id='word_1_229' title='bbox 896 3699 910 3735; x_wconf 92' lang='lat' dir='ltr'><strong>e</strong></span> <span class='ocrx_word' id='word_1_230' title='bbox 922 3688 962 3735; x_wconf 87' lang='lat' dir='ltr'><strong>tv.</strong></span> <span class='ocrx_word' id='word_1_231' title='bbox 973 3685 1037 3735; x_wconf 87' lang='lat' dir='ltr'><strong>della</strong></span> <span class='ocrx_word' id='word_1_232' title='bbox 1046 3699 1103 3735; x_wconf 86' lang='lat' dir='ltr'><strong>sess.</strong></span> <span class='ocrx_word' id='word_1_233' title='bbox 1117 3685 1201 3733; x_wconf 74' lang='lat' dir='ltr'><strong>mv.</strong></span> <span class='ocrx_word' id='word_1_234' title='bbox 1213 3683 1253 3731; x_wconf 84' lang='lat' dir='ltr'><strong>dol</strong></span> 
     </span>
     <span class='ocr_line' id='line_1_30' title="bbox 151 3762 1252 3828; baseline -0.005 -12"><span class='ocrx_word' id='word_1_235' title='bbox 151 3767 255 3817; x_wconf 77' lang='lat' dir='ltr'><strong>concillo</strong></span> <span class='ocrx_word' id='word_1_236' title='bbox 267 3766 295 3816; x_wconf 82' lang='lat' dir='ltr'><strong>di</strong></span> <span class='ocrx_word' id='word_1_237' title='bbox 306 3766 406 3815; x_wconf 81' lang='lat' dir='ltr'><strong>Treute.</strong></span> <span class='ocrx_word' id='word_1_238' title='bbox 417 3765 531 3827; x_wconf 65' lang='lat' dir='ltr'><strong>(ierapoli</strong></span> <span class='ocrx_word' id='word_1_239' title='bbox 545 3769 612 3816; x_wconf 75' lang='lat'>1788.</span> <span class='ocrx_word' id='word_1_240' title='bbox 623 3769 713 3815; x_wconf 79' lang='lat' dir='ltr'><strong>Auctor</strong></span> <span class='ocrx_word' id='word_1_241' title='bbox 722 3770 760 3815; x_wconf 83' lang='lat' dir='ltr'><strong>cst</strong></span> <span class='ocrx_word' id='word_1_242' title='bbox 770 3765 961 3828; x_wconf 77' lang='lat' dir='ltr'><strong>pseudonymus,</strong></span> <span class='ocrx_word' id='word_1_243' title='bbox 981 3779 1009 3814; x_wconf 87' lang='lat' dir='ltr'><strong>ac</strong></span> <span class='ocrx_word' id='word_1_244' title='bbox 1023 3764 1188 3828; x_wconf 73' lang='lat' dir='ltr'><strong>pseudonyma</strong></span> <span class='ocrx_word' id='word_1_245' title='bbox 1198 3762 1252 3811; x_wconf 77' lang='lat' dir='ltr'><strong>flle-</strong></span> 
     </span>
     <span class='ocr_line' id='line_1_31' title="bbox 152 3843 1252 3912; baseline -0.005 -15"><span class='ocrx_word' id='word_1_246' title='bbox 152 3849 239 3912; x_wconf 80' lang='lat' dir='ltr'><strong>rapoh&#39;s</strong></span> <span class='ocrx_word' id='word_1_247' title='bbox 258 3848 300 3897; x_wconf 80' lang='lat' dir='ltr'><strong>uhi</strong></span> <span class='ocrx_word' id='word_1_248' title='bbox 320 3848 426 3908; x_wconf 86' lang='lat' dir='ltr'><strong>primum</strong></span> <span class='ocrx_word' id='word_1_249' title='bbox 448 3846 506 3895; x_wconf 88' lang='lat' dir='ltr'><strong>haec</strong></span> <span class='ocrx_word' id='word_1_250' title='bbox 524 3846 632 3897; x_wconf 72' lang='lat' dir='ltr'><strong>defensio</strong></span> <span class='ocrx_word' id='word_1_251' title='bbox 649 3859 738 3897; x_wconf 74' lang='lat' dir='ltr'><strong>excuse</strong></span> <span class='ocrx_word' id='word_1_252' title='bbox 754 3851 805 3909; x_wconf 85' lang='lat' dir='ltr'><strong>est;</strong></span> <span class='ocrx_word' id='word_1_253' title='bbox 819 3847 861 3896; x_wconf 83' lang='lat' dir='ltr'><strong>rix</strong></span> <span class='ocrx_word' id='word_1_254' title='bbox 879 3849 943 3897; x_wconf 87' lang='lat' dir='ltr'><strong>euim</strong></span> <span class='ocrx_word' id='word_1_255' title='bbox 959 3860 988 3897; x_wconf 86' lang='lat' dir='ltr'><strong>ea</strong></span> <span class='ocrx_word' id='word_1_256' title='bbox 1005 3848 1082 3896; x_wconf 86' lang='lat' dir='ltr'><strong>aetate</strong></span> <span class='ocrx_word' id='word_1_257' title='bbox 1092 3844 1128 3894; x_wconf 82' lang='lat' dir='ltr'><strong>fas</strong></span> <span class='ocrx_word' id='word_1_258' title='bbox 1138 3843 1252 3904; x_wconf 84' lang='lat' dir='ltr'><strong>eratqui·</strong></span> 
     </span>
     <span class='ocr_line' id='line_1_32' title="bbox 155 3921 1254 3988; baseline -0.007 -12"><span class='ocrx_word' id='word_1_259' title='bbox 155 3923 254 3976; x_wconf 61' lang='lat' dir='ltr'><strong>mem</strong></span> <span class='ocrx_word' id='word_1_260' title='bbox 264 3925 290 3974; x_wconf 85' lang='lat' dir='ltr'><strong>ln</strong></span> <span class='ocrx_word' id='word_1_261' title='bbox 302 3926 364 3975; x_wconf 84' lang='lat' dir='ltr'><strong>locis</strong></span> <span class='ocrx_word' id='word_1_262' title='bbox 381 3924 521 3974; x_wconf 85' lang='lat' dir='ltr'><strong>huiusmodi</strong></span> <span class='ocrx_word' id='word_1_263' title='bbox 534 3924 649 3986; x_wconf 84' lang='lat' dir='ltr'><strong>operibus</strong></span> <span class='ocrx_word' id='word_1_264' title='bbox 667 3925 792 3988; x_wconf 90' lang='lat' dir='ltr'><strong>proprium</strong></span> <span class='ocrx_word' id='word_1_265' title='bbox 808 3939 894 3974; x_wconf 86' lang='lat' dir='ltr'><strong>nornen</strong></span> <span class='ocrx_word' id='word_1_266' title='bbox 913 3936 1040 3988; x_wconf 81' lang='lat' dir='ltr'><strong>apponere.</strong></span> <span class='ocrx_word' id='word_1_267' title='bbox 1054 3922 1091 3972; x_wconf 85' lang='lat' dir='ltr'><strong>cl.</strong></span> <span class='ocrx_word' id='word_1_268' title='bbox 1103 3922 1176 3970; x_wconf 82' lang='lat' dir='ltr'><strong>ctiam</strong></span> <span class='ocrx_word' id='word_1_269' title='bbox 1187 3921 1254 3970; x_wconf 86' lang='lat' dir='ltr'><strong>card.</strong></span> 
     </span>
     <span class='ocr_line' id='line_1_33' title="bbox 155 4001 1255 4066; baseline -0.005 -12"><span class='ocrx_word' id='word_1_270' title='bbox 155 4003 292 4054; x_wconf 77' lang='lat' dir='ltr'><strong>Gcrdtlinrn</strong></span> <span class='ocrx_word' id='word_1_271' title='bbox 306 4005 427 4054; x_wconf 73' lang='lat' dir='ltr'><strong>ltcttnto</strong></span> <span class='ocrx_word' id='word_1_272' title='bbox 437 4002 481 4054; x_wconf 85' lang='lat' dir='ltr'><strong>dcl</strong></span> <span class='ocrx_word' id='word_1_273' title='bbox 490 4005 656 4054; x_wconf 80' lang='lat' dir='ltr'><strong>mctctmontn</strong></span> <span class='ocrx_word' id='word_1_274' title='bbox 665 4007 728 4066; x_wconf 81' lang='lat' dir='ltr'><strong>part.</strong></span> <span class='ocrx_word' id='word_1_275' title='bbox 740 4006 770 4052; x_wconf 90' lang='grc' dir='ltr'><strong>ΙΙ.</strong></span> <span class='ocrx_word' id='word_1_276' title='bbox 782 4003 805 4066; x_wconf 89' lang='lat'><strong>§.</strong></span> <span class='ocrx_word' id='word_1_277' title='bbox 819 4007 859 4054; x_wconf 88' lang='lat' dir='ltr'><strong>vt.</strong></span> <span class='ocrx_word' id='word_1_278' title='bbox 871 4004 908 4053; x_wconf 86' lang='lat' dir='ltr'><strong>his</strong></span> <span class='ocrx_word' id='word_1_279' title='bbox 918 4004 982 4052; x_wconf 83' lang='lat' dir='ltr'><strong>enlm</strong></span> <span class='ocrx_word' id='word_1_280' title='bbox 992 4001 1095 4052; x_wconf 86' lang='lat' dir='ltr'><strong>duclbus</strong></span> <span class='ocrx_word' id='word_1_281' title='bbox 1102 4001 1255 4064; x_wconf 84' lang='lat' dir='ltr'><strong>potissimum</strong></span> 
     </span>
     <span class='ocr_line' id='line_1_34' title="bbox 154 4085 258 4135; baseline -0.019 0"><span class='ocrx_word' id='word_1_282' title='bbox 154 4085 258 4135; x_wconf 66' lang='lat' dir='ltr'><strong>mur.</strong></span> 
     </span>
    </p>

    <p class='ocr_par' dir='ltr' id='par_1_5' title="bbox 155 4163 1258 4387">
     <span class='ocr_line' id='line_1_35' title="bbox 223 4163 1257 4227; baseline -0.007 -12"><span class='ocrx_word' id='word_1_283' title='bbox 223 4163 275 4226; x_wconf 73' lang='grc'><strong>(95)</strong></span> <span class='ocrx_word' id='word_1_284' title='bbox 290 4164 356 4214; x_wconf 86' lang='lat' dir='ltr'><strong>luter</strong></span> <span class='ocrx_word' id='word_1_285' title='bbox 376 4175 439 4225; x_wconf 87' lang='lat' dir='ltr'><strong>quos</strong></span> <span class='ocrx_word' id='word_1_286' title='bbox 459 4165 598 4213; x_wconf 80' lang='lat' dir='ltr'><strong>recencctm</strong></span> <span class='ocrx_word' id='word_1_287' title='bbox 617 4166 719 4226; x_wconf 71' lang='lat' dir='ltr'><strong>legens</strong></span> <span class='ocrx_word' id='word_1_288' title='bbox 734 4167 877 4227; x_wconf 79' lang='lat' dir='ltr'><strong>van-Espcn</strong></span> <span class='ocrx_word' id='word_1_289' title='bbox 893 4163 935 4225; x_wconf 80' lang='lat' dir='ltr'><strong>qiu</strong></span> <span class='ocrx_word' id='word_1_290' title='bbox 948 4163 973 4212; x_wconf 82' lang='lat' dir='ltr'><strong>iu</strong></span> <span class='ocrx_word' id='word_1_291' title='bbox 988 4174 1028 4225; x_wconf 87' lang='lat' dir='ltr'><strong>op.</strong></span> <span class='ocrx_word' id='word_1_292' title='bbox 1040 4165 1089 4212; x_wconf 80' lang='lat' dir='ltr'><strong>Ins</strong></span> <span class='ocrx_word' id='word_1_293' title='bbox 1102 4163 1257 4211; x_wconf 77' lang='lat' dir='ltr'><strong>concalcant</strong></span> 
     </span>
     <span class='ocr_line' id='line_1_36' title="bbox 155 4240 1256 4306; baseline -0.003 -13"><span class='ocrx_word' id='word_1_294' title='bbox 155 4245 213 4293; x_wconf 80' lang='lat' dir='ltr'><strong>tem.</strong></span> <span class='ocrx_word' id='word_1_295' title='bbox 225 4245 245 4293; x_wconf 91' lang='grc' dir='ltr'><strong>Ι.</strong></span> <span class='ocrx_word' id='word_1_296' title='bbox 258 4244 297 4295; x_wconf 80' lang='lat' dir='ltr'><strong>ut.</strong></span> <span class='ocrx_word' id='word_1_297' title='bbox 310 4244 388 4293; x_wconf 65' lang='grc' dir='ltr'><strong>ΗΠ.</strong></span> <span class='ocrx_word' id='word_1_298' title='bbox 399 4256 423 4293; x_wconf 85' lang='lat' dir='ltr'><strong>c.</strong></span> <span class='ocrx_word' id='word_1_299' title='bbox 435 4246 459 4297; x_wconf 82' lang='lat'><strong>7.</strong></span> <span class='ocrx_word' id='word_1_300' title='bbox 470 4242 493 4306; x_wconf 72' lang='grc' dir='ltr'><strong>ς.</strong></span> <span class='ocrx_word' id='word_1_301' title='bbox 505 4244 560 4292; x_wconf 78' lang='grc' dir='ltr'><strong>ΧΠ.</strong></span> <span class='ocrx_word' id='word_1_302' title='bbox 576 4243 673 4293; x_wconf 83' lang='lat' dir='ltr'><strong>scribit:</strong></span> <span class='ocrx_word' id='word_1_303' title='bbox 697 4262 709 4286; x_wconf 70' lang='lat' dir='ltr'><strong>a</strong></span> <span class='ocrx_word' id='word_1_304' title='bbox 720 4244 857 4294; x_wconf 84' lang='lat' dir='ltr'><strong>concllinm</strong></span> <span class='ocrx_word' id='word_1_305' title='bbox 876 4242 1071 4306; x_wconf 78' lang='lat' dir='ltr'><strong>(tridentinum)</strong></span> <span class='ocrx_word' id='word_1_306' title='bbox 1087 4255 1136 4291; x_wconf 92' lang='lat' dir='ltr'><strong>uon</strong></span> <span class='ocrx_word' id='word_1_307' title='bbox 1156 4240 1256 4301; x_wconf 74' lang='lat' dir='ltr'><strong>defluit,</strong></span> 
     </span>
     <span class='ocr_line' id='line_1_37' title="bbox 155 4319 1258 4387; baseline -0.001 -18"><span class='ocrx_word' id='word_1_308' title='bbox 155 4323 236 4372; x_wconf 82' lang='lat' dir='ltr'><strong>atrum</strong></span> <span class='ocrx_word' id='word_1_309' title='bbox 250 4337 280 4373; x_wconf 82' lang='lat' dir='ltr'><strong>cx</strong></span> <span class='ocrx_word' id='word_1_310' title='bbox 297 4323 389 4373; x_wconf 82' lang='lat' dir='ltr'><strong>christi</strong></span> <span class='ocrx_word' id='word_1_311' title='bbox 413 4321 578 4383; x_wconf 85' lang='lat' dir='ltr'><strong>tustitutinue‚</strong></span> <span class='ocrx_word' id='word_1_312' title='bbox 599 4322 638 4373; x_wconf 78' lang='lat' dir='ltr'><strong>ccl</strong></span> <span class='ocrx_word' id='word_1_313' title='bbox 657 4325 740 4373; x_wconf 90' lang='lat' dir='ltr'><strong>utrum</strong></span> <span class='ocrx_word' id='word_1_314' title='bbox 761 4336 790 4374; x_wconf 84' lang='lat' dir='ltr'><strong>ex</strong></span> <span class='ocrx_word' id='word_1_315' title='bbox 810 4323 946 4387; x_wconf 81' lang='lat' dir='ltr'><strong>principum</strong></span> <span class='ocrx_word' id='word_1_316' title='bbox 968 4321 1203 4386; x_wconf 73' lang='lat' dir='ltr'><strong>indulgentiamcita</strong></span> <span class='ocrx_word' id='word_1_317' title='bbox 1219 4319 1258 4369; x_wconf 76' lang='lat' dir='ltr'><strong>rel</strong></span> 
     </span>
    </p>
   </div>
   <div class='ocr_carea' id='block_1_4' title="bbox 0 0 1428 5062">
    <p class='ocr_par' dir='ltr' id='par_1_6' title="bbox 0 0 1428 5062">
     <span class='ocr_line' id='line_1_38' title="bbox 0 0 1428 5062; baseline 0 0"><span class='ocrx_word' id='word_1_318' title='bbox 0 0 1428 5062; x_wconf 95' lang='lat' dir='ltr'><strong> </strong></span> 
     </span>
    </p>
   </div>
  </div>
 </body>
</html>
