2828 5054
235 325 305 399 ddi
353 374 373 405 ,ι
424 343 865 403 ιΙΒ.11.81ὓῖ.ΔΙ.ἲΙΙΛ.Μ
882 342 1139 405 mmmm·

233 465 309 566 iege
325 488 388 541 sna
404 489 465 566 pro
481 463 613 539 obiecto
635 461 737 537 babet
760 462 1091 537 sacramentnm-sibi
1107 461 1345 553 commissum

235 581 265 655 si
287 604 366 655 uero
392 578 475 652 fiant
499 575 694 675 illegitimae
710 602 731 649 a
747 575 1003 664 communitate,
1025 575 1199 651 inhabiles
1216 576 1300 651 fiant
1315 578 1347 652 in

234 695 352 769 ordine
377 692 495 768 sociali
528 706 677 778 tantum,
706 690 779 765 sed·
799 716 867 765 non
898 689 1051 765 absolute
1075 716 1116 765 ac
1139 691 1177 764 in
1204 718 1266 780 se,
1292 692 1348 767 sed

234 809 462 895 extrinsecus,
492 807 527 880 in
552 806 671 881 ordina
695 804 837 893 sociali,
865 806 913 879 ita
936 806 1034 879 utin
1065 805 1152 880 iacis
1177 807 1347 881 societatis

234 922 428 1021 coniugium
453 920 551 995 civile
575 919 701 993 nullius
726 919 770 993 sit
789 918 931 1005 valoris,
946 920 1114 1019 etsic·qui
1128 937 1249 995 contm
1264 922 1349 1023 prin·

234 1037 322 1137 cipis
333 1035 425 1133 loges
437 1034 636 1109 contrabant
647 1033 840 1132 coniugium
853 1033 1023 1133 priventur
1034 1033 1228 1134 privilegiis
1245 1035 1349 1110 omni·

233 1148 299 1223 bus
323 1147 500 1235 civilibus,
528 1147 654 1248 quibua
678 1146 831 1248 alioquin
856 1147 1043 1222 fruerentur
1066 1151 1158 1245 (id).
1180 1149 1293 1239 Haec,
1317 1166 1349 1223 ot

234 1289 301 1340 non
327 1263 396 1337 alia
418 1279 478 1339 est·
494 1288 590 1337 mens
612 1262 762 1361 Angoiici
789 1260 1026 1362 praeceptoris.

307 1380 345 1453 in
371 1378 476 1453 altero
501 1396 612 1453 autem
639 1394 729 1453 textu
747 1404 789 1453 ex
805 1377 865 1452 lib.
882 1377 1004 1453 Contra
1024 1393 1118 1476 gent.
1135 1378 1181 1452 de
1208 1377 1348 1479 impedi-

234 1494 358 1569 mentis
382 1494 573 1569 nullatenus
594 1494 664 1592 egit
687 1520 719 1569 s.
739 1493 907 1581 Thomas,
935 1493 996 1567 aod
1021 1518 1192 1593 exponere
1221 1510 1345 1568 tantum

224 1609 377 1685 'intendit
400 1609 553 1683 diversos
578 1609 663 1683 fines
689 1607 915 1696 matrimonii,
944 1607 1003 1707 qui
1028 1625 1110 1683 suut
1133 1606 1265 1683 bonnm
1292 1634 1348 1683 ua-

232 1738 346 1811 tnrae,
373 1721 499 1799 bonum
523 1723 705 1812 ecclesiae,
732 1722 856 1805 bonum
878 1721 1072 1822 politicum,
1091 1748 1135 1797 ac
1151 1724 1286 1798 ratione
1299 1723 1349 1797 di-

232 1860 405 1913 versorum
432 1828 551 1912 horum
578 1836 697 1910 finium
727 1836 873 1911 affirmat
898 1835 1150 1911 matrimonium
1177 1837 1348 1914 subiacere

232 1950 380 2027 divorsis
406 1951 558 2051 legibus;
583 1967 748 2052 quatenus
759 1976 802 2024 ex
812 1949 958 2025 diversis
977 1950 1052 2025 istis
1068 1949 1208 2050 legibus
1224 1967 1260 2027 ot
1275 1952 1347 2054 qoi-

232 2065 311 2141 dem
335 2081 451 2140 nano
477 2082 673 2167 repetuntur
697 2066 812 2142 omnia
837 2065 1092 2166 impedimenta,
1116 2066 1153 2139 in
1179 2067 1302 2142 ordine
1315 2082 1347 2142 et

233 2181 362 2265 ratione
395 2182 639 2282 uniscuiusque
661 2180 748 2278 legis
773 2181 933 2281 propria;
960 2206 1002 2256 ac
1026 2198 1208 2281 propterea
1232 2182 1347 2280 alege

234 2297 325 2373 ciuili
350 2297 386 2370 in
410 2296 529 2371 ordine
554 2295 598 2370 ad
622 2295 749 2369 bonum
772 2294 895 2383 civile,
923 2295 1014 2396 quod
1040 2296 1191 2395 proiecto
1214 2296 1347 2373 vinculo

235 2410 461 2485 extrinsecum
485 2426 539 2485 est
560 2410 649 2505 (ii).

305 2524 417 2598 Talem
443 2550 635 2622 germanam
665 2549 741 2597 csse
768 2524 971 2599 abactoris
996 2540 1141 2598 mentem
1166 2551 1209 2599 ea
1237 2542 1347 2600 osten-

232 2639 334 2724 dunt,
354 2665 442 2738 quae
468 2639 542 2738 ipse
567 2638 761 2725 constituit,
791 2665 947 2738 quaeque
967 2639 1239 2714 adversariorum
1258 2642 1346 2715 theo

233 2753 318 2825 riam
339 2753 474 2827 omnino
491 2768 654 2826 evertunt.
672 2754 760 2826 Sane
776 2779 852 2826 cum
867 2755 901 2824 in
916 2755 967 2826 IV.
983 2756 1074 2829 Sent.
1091 2755 1173 2828 dist,
1191 2758 1248 2828 ii.
1262 2783 1297 2856 q.
1311 2757 1343 2828 2.

234 2883 295 2941 art.
314 2869 347 2939 2.
364 2885 483 2967 quarto
509 2867 574 2941 sibi
601 2868 781 2942 obiecisset
806 2867 896 2956 loco,
925 2868 1203 2969 impedimentum
1227 2897 1347 2969 cogna-

234 2982 338 3057 tionis
354 2981 475 3078 logalis
493 2982 660 3082 perleges
678 2982 795 3057 civiles
819 2983 1013 3072 inductum,
1038 3010 1129 3086 resp.
1147 2987 1231 3060 «Ad
1248 3014 1347 3087 quar-

233 3113 303 3171 tum
327 3096 505 3170 dicendum
531 3096 621 3195 quod
642 3097 826 3195 prohibitio
854 3098 934 3197 lepis
960 3100 1118 3171 humanae
1137 3128 1202 3172 coo
1220 3102 1347 3202 suffice·

232 3226 282 3283 ret
308 3211 350 3284 ad
377 3211 650 3311 impedimentum
678 3211 900 3300 matrimonii,
928 3214 996 3285 nisi
1018 3216 1227 3289 interveniret
1252 3217 1347 3288 eccie-

231 3328 303 3397 aiae
333 3328 528 3411 auctoritas,
557 3353 644 3425 quac
670 3326 759 3398 idem
785 3327 1049 3402 interdicitolix
1074 3355 1144 3428 quo
1171 3332 1347 3405 maniieste

232 3457 323 3540 patet
348 3442 501 3540 potuisse
526 3442 664 3541 quidem
683 3469 722 3514 ac
740 3469 841 3542 posse
866 3443 1019 3517 infideles
1036 3442 1129 3542 leges
1142 3447 1346 3544 probidentia

232 3556 363 3629 sancire
387 3557 477 3629 circa
511 3557 781 3644 matrimonium,
810 3585 875 3632 non
910 3577 1020 3632 autem
1051 3561 1242 3646 irritantes,
1280 3562 1344 3634 nisi

232 3687 360 3744 tantum
386 3673 420 3743 in
446 3672 563 3746 ordine
589 3699 681 3759 suo,
711 3673 849 3761 idest,
878 3675 969 3749 civili
1003 3700 1042 3747 ac
1069 3674 1219 3774 politico.
1250 3674 1345 3762 Quod

231 3786 447 3860 confirmatur
467 3815 506 3861 cx
528 3786 590 3874 iis,
615 3813 701 3887 quae
723 3789 887 3863 abactor
908 3789 1024 3863 scribit
1041 3790 1075 3860 in
1090 3789 1295 3875 Quodlibeto
1309 3796 1341 3863 5.

303 3971 353 4032 (ta)
368 3973 407 4021 ct.
420 3973 509 4022 Martio
530 3987 554 4023 n.
575 3977 629 4023 227.
649 3975 692 4036 qui
706 3974 879 4026 animadvertit
893 3975 985 4026 multam
1003 3974 1055 4026 dari
1071 3977 1251 4027 connexionem
1267 3977 1305 4028 vei
1321 3978 1344 4027 in

229 4064 256 4102 se
267 4053 293 4100 et
303 4053 390 4100 natura
403 4052 450 4113 rei,
461 4053 501 4103 vei
513 4053 537 4102 ia
549 4057 630 4104 mente
641 4068 661 4103 a.
671 4055 778 4105 Ttrnmae
789 4056 851 4106 inter
868 4060 1011 4120 potestatem
1024 4057 1210 4108 matrimonium
1224 4057 1345 4110 statuendi

232 4130 284 4194 laga
299 4128 366 4179 civiti
386 4134 411 4181 et
429 4133 573 4195 potestatem
593 4133 724 4184 dirimendi
746 4135 938 4187 matrimonium.
956 4139 1064 4200 Raroque
1083 4137 1194 4200 explieat
1209 4151 1239 4189 aa
1256 4139 1347 4189 ntione

230 4222 280 4273 qua
290 4212 517 4273 acseapoauimua.

304 4289 354 4350 (tt)
371 4291 408 4340 ct.
425 4292 539 4343 Leuiiiier
557 4293 603 4343 ioc.
617 4293 659 4344 ait.
671 4293 694 4356 §.
706 4302 729 4345 t.
