2804 5062
241 340 310 415 133
347 278 354 289 ·
736 360 874 411 ronex.

239 482 319 558 dar.
341 480 393 554 [v.
415 479 568 555 (lenones
596 477 768 555 tridentini
782 477 830 550 111
859 491 892 550 et
910 475 964 549 lv,
980 501 1067 550 sess.
1085 475 1199 548 xxiv.
1216 477 1258 551 de

464 610 628 696 potestate
642 592 780 701 propria
796 618 836 667 ac
853 591 1008 689 originali
1030 591 1194 667 eeclesiae
1206 594 1259 665 in·

461 710 566 811 telligi
583 707 724 797 debent,
747 698 815 785 non
836 723 947 783 autem
961 707 1005 782 de
1016 723 1183 807 potestate
1202 708 1258 782 ad·
1324 702 1329 715 ’

461 824 619 912 uentitia,
639 850 728 925 quae
741 851 782 898 ex
795 819 987 924 principum
1006 821 1079 896 sive
1095 848 1258 923 expresso

346 1028 349 1033 Ι
462 940 534 1014 sire
558 939 659 1013 tacito
682 963 853 1013 consensu
877 936 1051 1036 proveniet
1055 994 1228 1011 ...........
1236 969 1253 1007 s
1305 940 1344 1009 13

341 1125 433 1199 cta.
456 1124 516 1197 111.
530 1147 634 1198 -nn
652 1146 821 1197 recussus
846 1146 1020 1199 rornsrarn
1044 1146 1250 1197 ntsraossuor

402 1244 678 1298 remaneremus
702 1243 925 1295 utraruoruoa
943 1243 1178 1294 prorueremus.

239 1380 318 1456 Aar.
341 1383 367 1454 l.
414 1381 584 1455 Romanus
614 1380 762 1480 pontifex
787 1406 848 1479 pro
877 1406 1127 1480 supremaque
1153 1379 1259 1480 pollet

462 1497 659 1573 auctoritate
676 1497 712 1569 in
730 1496 895 1584 eeclesia,
923 1495 1121 1597 dispensare
1146 1514 1260 1597 potest

462 1613 497 1684 in
529 1609 767 1686 ecelesiasticis
802 1610 1053 1712 impedimentis
1086 1611 1260 1685 matrimo-

463 1728 556 1803 nium
585 1726 821 1801 dirimentibus
827 1784 1230 1800 .........................
1238 1757 1255 1796 s
1307 1727 1346 1798 83

239 1842 318 1920 Aur.
340 1845 383 1917 11.
411 1843 571 1945 Episcopi
597 1843 669 1917 sivo
693 1869 844 1917 seorsum
868 1843 993 1942 sumpti
1012 1842 1083 1916 sivo
1100 1842 1202 1915 etiam
1223 1843 1258 1914 in

461 1956 614 2033 eonciliis
628 1954 887 2057 particularibus
900 1957 1091 2057 congregati
1106 1955 1257 2031 relaxare

462 2088 633 2174 nequeunt
648 2073 721 2146 iure
738 2072 874 2173 proprio
898 2070 1128 2147 eeclesiastioa
1153 2073 1259 2173 impe·

461 2190 611 2263 dimenta
635 2189 886 2262 matrimonium
909 2187 1100 2263 dirimentia
1105 2244 1229 2263 ........
1237 2219 1254 2258 s
1306 2187 1346 2260 tt

239 2303 318 2378 Aur.
341 2304 399 2377 111.
417 2304 621 2403 Argumenta
630 2301 864 2404 expenduntur
875 2301 1001 2402 quibus
1010 2302 1174 2379 Neoterici
1188 2303 1258 2403 epi·

460 2420 574 2521 soopis
597 2418 769 2493 vindicare
790 2432 982 2515 sategerunt
1004 2417 1059 2491 ius
1079 2418 1257 2516 proprium

464 2534 634 2608 relaxandi
660 2532 889 2607 ecelesiastica
914 2533 1155 2631 impedimenta
1184 2561 1258 2609 ma-

460 2652 652 2725 trimonium
678 2649 870 2722 dirimentia
875 2708 1228 2723 ......................
1237 2682 1253 2720 o
1283 2653 1344 2723 113

238 2763 316 2837 Aur.
339 2766 391 2836 lv.
413 2766 637 2840 Distinotione
668 2767 756 2840 faeta
786 2766 872 2839 inter
900 2765 1140 2865 impedimenta
1172 2767 1256 2839 diri-

463 2883 587 2953 mentin
604 2908 644 2953 ex
658 2882 729 2954 iure
748 2881 891 2954 naturali
904 2898 936 2954 ot
953 2909 994 2955 er
1015 2883 1088 2956 iure
1108 2884 1255 2983 positivo

461 2995 600 3071 infertur
623 3022 801 3096 quousque
814 3024 851 3070 se
866 2998 1013 3096 porrigat
1031 2998 1253 3099 dispensandi

464 3111 604 3186 facultas
611 3168 1225 3186 ......................................
1234 3115 1342 3187 »132

286 3300 377 3372 CAP.
399 3302 450 3373 lv.
467 3327 567 3376 -ne
586 3327 752 3377 accensus
766 3327 938 3378 reresrrrn
952 3328 1085 3379 sautum
1100 3328 1295 3380 utrumnum

703 3424 736 3475 ru
754 3425 877 3475 atores.

235 3574 314 3648 Aur.
337 3576 363 3646 l.
408 3579 602 3653 Sanationis
627 3580 828 3652 matrimonii
856 3580 889 3650 in
918 3577 1030 3652 radice
1054 3606 1133 3653 vera
1160 3581 1253 3653 notio

459 3694 636 3767 exhibetur
641 3752 1223 3767 ....................................
1232 3727 1249 3765 n
1278 3696 1342 3767 155

235 3805 313 3879 bar.
337 3807 379 3877 ll.
410 3810 558 3884 Romano
578 3811 727 3908 pontifici
740 3809 1090 3910 vindicaturpotestas
1104 3810 1251 3884 sanandi

461 3925 672 3999 matrimonia
704 3926 737 3996 in
768 3925 881 3998 radico
887 3983 1222 4000 .....................
1231 3959 1248 3995 e
1278 3928 1341 3999 163

235 4033 313 4107 bar.
336 4037 394 4110 111,
412 4035 560 4114 Effectus
593 4041 805 4115 illustrantur
833 4041 935 4114 buius
972 4043 1147 4141 potestatis
1180 4060 1249 4115 tum

460 4157 562 4229 relato
585 4156 628 4230 ad
655 4158 834 4255 coniuges,
872 4174 941 4230 tum
976 4157 1077 4232 roiate
1103 4158 1146 4230 ad
1179 4186 1252 4258 pro

456 4271 519 4344 fem
527 4330 1220 4346 ..........................................
1231 4307 1247 4345 o
1278 4275 1340 4346 132
