2804 5062
143 331 218 401 18⁰.
280 360 297 399 .·
382 351 443 401 nn.
465 348 501 400 ιι.
523 348 609 399 seer.
629 348 653 399 ι.
675 349 715 399 οι
740 347 868 400 rorrsr.
890 348 1019 401 recres,

141 471 216 544 bet..
238 470 321 542 Nam
347 469 377 542 si
403 466 735 543 iuxtabenedietum
752 468 835 540 xlv.
859 469 993 543 sanatio
1018 468 1054 542 in
1082 468 1201 545 radice
1217 498 1260 547 re

142 586 251 661 stituit
272 585 467 683 coniugium
493 585 528 656 in
553 598 678 659 statum
702 583 902 684 pristinum,
921 610 1023 685 quem
1039 583 1215 673 baberet,
1234 588 1258 661 si

144 701 428 802 impedimentum
444 727 509 774 non
528 702 713 789 extitisset,
740 700 840 801 piane
856 700 1103 800 consequitur,
1123 701 1260 801 quodsi

142 817 337 915 coniugium
370 816 567 913 religiosum
594 843 660 890 non
694 815 850 916 producit
872 815 1012 890 effectus
1037 815 1185 905 civiles,
1212 817 1256 890 di·

142 933 392 1034 spensationem
418 931 531 1004 datam
556 959 577 1003 a
602 933 763 1030 pontifice
789 957 926 1005 romano
952 931 1045 1005 haud
1072 958 1181 1032 possa
1204 959 1258 1006 eos

142 1049 327 1123 restituere.
358 1049 570 1148 Quapropter
594 1049 624 1122 si
649 1048 906 1135 contrahentes,
930 1047 991 1149 qui
1016 1046 1256 1123 relaxationem

142 1164 376 1251 obtinuerunt,
400 1162 675 1250 formationibus,
698 1190 785 1263 quas
810 1163 927 1236 civiles
952 1174 1095 1251 vocant,
1126 1164 1255 1265 satisie·

143 1295 279 1367 cerunt,
309 1295 389 1351 tune
418 1277 574 1353 civilibus
605 1277 781 1352 effectibus
816 1277 1082 1377 independenter
1111 1306 1133 1352 a
1168 1305 1256 1352 sane

143 1396 233 1469 tione
252 1394 422 1468 fruentur:
451 1394 504 1467 sin
527 1419 606 1469 vero
626 1393 702 1467 illas
721 1398 1040 1493 praetermiserunt,
1061 1394 1178 1494 proies
1195 1394 1254 1468 ille

143 1511 260 1607 gitima
277 1510 312 1581 in
338 1507 409 1583 soro
426 1508 515 1582 civiti
542 1534 619 1582 esse
643 1507 889 1608 perseverabit,
912 1508 1157 1582 nonobstante
1182 1534 1251 1610 qne

145 1629 195 1699 vis
216 1624 390 1699 sanatione
410 1624 558 1720 coniugii
585 1625 619 1695 in
645 1624 770 1697 radice.

216 1722 355 1839 Semper
376 1754 486 1813 tamen
504 1739 677 1838 pontificia
702 1737 916 1838 dispensatio
932 1737 1098 1812 obtinebit
1121 1739 1247 1812 effectu

145 1884 225 1931 suos
251 1858 286 1928 in
312 1856 432 1931 ordine
456 1854 644 1955 spirituali,
673 1881 750 1929 cum
776 1855 811 1928 id
843 1854 942 1929 unice·
966 1854 1010 1927 ab
1031 1854 1180 1930 ecelesia
1201 1853 1248 1928 de

146 1973 301 2070 pendeat.

181 2096 184 2158 ζ
217 2085 314 2160 ΤοΙοο
338 2087 582 2189 sunteffeetus
607 2090 667 2189 qui
693 2090 765 2164 sive
791 2089 918 2163 directe
941 2089 1013 2164 aive
1037 2087 1201 2163 indirecte
1216 2109 1245 2157 οι

145 2202 319 2278 sanatione
345 2204 469 2279 radicis
495 2205 699 2279 matrimonii
725 2205 937 2306 proveniunt.

564 2413 747 2473 CAPUT
772 2414 817 2471 V·

485 2575 525 2623 DE
551 2573 718 2624 secessui:
745 2574 919 2626 coruscarit

308 2689 340 2738 lii
366 2688 480 2740 crusis
506 2691 761 2740 usruiuonrsuss
784 2691 823 2740 AC
849 2691 882 2742 tu
907 2690 1086 2742 sronssutt.

573 2853 781 2910 ARTiCULUS
801 2854 824 2910 l.

179 2997 290 3055 Causae
303 3010 403 3055 omnes
417 2997 662 3075 matrimoniales,
678 3014 753 3075 quae
767 3001 898 3059 intimem
913 3004 1079 3060 contrectas
1094 3006 1222 3061 naturam

289 3096 439 3170 attingunt
458 3095 495 3154 ad
516 3095 592 3155 solos
612 3096 822 3157 ecclesiasticos
843 3097 952 3157 indices
973 3103 1117 3173 spectant.

215 3242 346 3315 Marcus
360 3241 436 3314 Ant.
454 3241 503 3315 De
515 3241 681 3330 Dominis,
699 3242 880 3330 Launoius,
895 3242 1146 3332 Tamburinius,
1161 3243 1248 3325 litu,

146 3359 300 3444 Nestius,
324 3358 506 3432 novissime
527 3385 605 3432 vcro
631 3360 740 3459 Nuytz
763 3362 812 3455 (l)
833 3384 901 3431 uno
919 3385 976 3432 ore
999 3357 1252 3433 eausasmatn'·

144 3471 308 3547 moniales
331 3472 420 3547 civili
440 3474 510 3547 ioro
534 3474 740 3547 adiudicant.
770 3474 812 3546 At
834 3500 922 3574 quae
948 3474 993 3548 sit
1017 3474 1187 3548 catholica
1203 3473 1254 3548 do-

211 3675 247 3738 (t)
262 3678 300 3725 En
318 3675 372 3726 eius
391 3677 466 3727 verba
487 3678 512 3727 in
533 3692 573 3741 op.
592 3676 784 3743 representare
804 3678 883 3740 Nuyb
895 3680 923 3727 ai
941 3675 1255 3727 circumcalcationis·

146 3757 200 3807 rino
216 3763 285 3808 1852.
299 3769 354 3820 cap.
367 3759 422 3807 vil.
440 3778 451 3800 u
460 3758 631 3821 propensione
642 3759 796 3808 condennata
815 3761 840 3808 in
859 3759 930 3808 Brevi
942 3758 978 3807 Pii
990 3759 1032 3805 ix:
1047 3757 1159 3807 lacense
1174 3755 1257 3806 natri-

142 3838 252 3888 monioii
272 3837 324 3887 edi
345 3836 462 3901 sponsali
480 3837 505 3887 di
526 3839 579 3888 ioro
599 3841 687 3888 natura
706 3843 887 3902 appartengono
908 3839 932 3889 ai
951 3839 1006 3888 toro
1023 3835 1256 3888 civile-Aeeettoit

143 3919 325 3982 proposinione,
345 3932 360 3968 e
380 3919 405 3968 la
424 3921 545 3982 sostengo.
557 3939 570 3962 ο
587 3923 623 3970 Ne
637 3920 693 3983 quis
709 3935 768 3970 vero
785 3921 889 3984 benigne
904 3920 1107 3983 interpretaretur
1121 3932 1180 3968 cum
1195 3912 1266 3981 ioqui.

143 3995 175 4046 de
194 3999 275 4048 causis
293 3997 341 4061 ipsi
365 3999 464 4048 vinculo
491 3999 645 4060 extrinsecis,
666 4000 727 4062 quid
751 4014 794 4064 per
813 4000 867 4051 iilos
889 3999 1078 4063 significaverit,
1100 3999 1205 4062 ipsemet
1224 4009 1259 4047 eu·

144 4078 214 4140 ponit
232 4079 270 4127 iiia
288 4079 379 4130 verbis:
403 4083 514 4130 «Hanno
533 4093 606 4130 nome
621 4080 647 4131 di
668 4082 842 4132 matrimoniali
853 4082 935 4145 quella
954 4093 1027 4130 cause
1038 4081 1115 4129 iacui
1132 4079 1258 4142 sidisputt

144 4169 159 4203 ο
174 4155 239 4206 della
253 4157 369 4208 valtdttd
385 4158 412 4208 di
426 4172 460 4208 un
475 4160 647 4220 matrimonio,
660 4174 676 4208 o
691 4160 756 4210 dotia
770 4163 939 4224 separoztorte
954 4159 992 4209 de'
1003 4158 1119 4221 coniugi,
1133 4159 1211 4222 siper
1222 4169 1258 4219 os·

144 4237 209 4298 getto
225 4237 251 4287 di
265 4238 318 4288 sola
332 4237 469 4289 abitazionc
484 4239 604 4300 disticte,
624 4241 644 4290 si
663 4254 706 4303 per
720 4243 816 4303 oggetto
832 4240 858 4290 di
874 4253 991 4305 rompere
1002 4240 1024 4291 u
1044 4239 1151 4289 vineole
1166 4252 1214 4289 oon
1228 4237 1259 4287 ia·

142 4314 247 4366 cottidi
263 4315 300 4366 tar
314 4317 378 4369 nitro
394 4319 575 4368 matrimonio»
591 4321 616 4368 et
631 4320 689 4369 haec
705 4320 748 4382 qui
764 4318 924 4370 catholicum
939 4331 967 4370 se
981 4331 1034 4370 essa
1054 4317 1194 4382 profitetur.
