2804 5062
147 352 216 424 141
388 373 449 425 sn.
472 370 508 425 rr.
529 371 615 425 snm.
637 371 661 423 t.
682 371 723 423 nr
740 372 866 424 aornar.
889 371 1016 426 scmss.
1104 394 1107 399 -

177 528 180 541 ·
220 494 257 566 ln
282 492 550 567 institutionibus
575 491 773 590 theologicis
802 490 903 566 editis
928 493 1025 567 iussu
1050 494 1099 566 lo.
1127 493 1261 568 Claudii

144 610 197 684 Its
211 609 244 683 la
262 611 375 709 Poype
392 608 435 681 dc
451 608 600 682 Vertrieu
619 609 770 708 episcopi
788 608 1006 708 pictaviensis
1023 608 1173 707 legitur:
1196 613 1261 683 «ln

142 724 395 825 impedimentis
413 723 486 796 iure
505 723 734 798 ecclesiastico
752 721 1001 796 matrimonium
1024 724 1279 798 dirimentibus

133 832 233 913 'solur
247 841 345 938 Papa
354 839 540 914 universim
562 855 595 915 et
616 841 787 914 ordinarie
804 857 913 939 potest
930 840 1129 940 dispensare
1146 843 1260 936 (44).)

219 953 406 1027 ludovicus
432 953 575 1027 Hubert:
609 956 693 1026 «Ex
717 954 907 1040 communi,
936 954 1067 1053 inquit,
1095 955 1261 1029 acclama·

90 1142 94 1149 Δ
147 1096 221 1142 rum
255 1069 521 1156 consuetudine,
537 1124 540 1131 -
557 1095 648 1170 quae
681 1068 750 1142 vim
785 1068 870 1166 legis
904 1069 1050 1156 obtinet,
1079 1072 1185 1144 solius
1216 1087 1262 1144 est

145 1188 267 1260 summi
291 1187 473 1286 pontificis
491 1182 692 1286 dispensare
727 1188 761 1258 in
793 1186 1042 1286 impedimentis
1074 1186 1263 1260 dirimenti-

145 1299 212 1373 bus
238 1301 311 1374 iure
336 1300 484 1374 humano
510 1298 676 1388 inductis,
696 1300 756 1375 ubi
782 1301 979 1401 praesertim
997 1300 1108 1398 agitur
1123 1301 1170 1374 de
1192 1329 1264 1375 ma-

148 1415 304 1490 trimonio
330 1413 573 1490 contrahendo.
603 1413 812 1490 Uniiersalis
840 1415 931 1488 euim
953 1441 1038 1489 usus
1068 1414 1260 1517 recurrendi

146 1531 325 1605 adsedem
343 1533 562 1633 apostolicam
579 1529 845 1631 dispensationis
862 1529 965 1606 causa
979 1532 1026 1604 ab
1043 1530 1263 1630 impedimen-

147 1647 192 1720 tis
222 1644 458 1722 dirimentibus
488 1648 616 1721 indicat
630 1673 710 1721 eam
727 1647 980 1746 >catholicorum
1001 1645 1148 1721 mentem
1175 1648 1262 1721 eiua·

146 1763 237 1837 modi
264 1763 555 1839 fucultatemesse
579 1764 646 1864 ipsi
668 1766 869 1839 reservatam
898 1766 1020 1859 (414).»

220 1881 414 1954 luvcninius
439 1874 572 1980 etipse
597 1880 735 1954 scribit:
768 1879 915 1953 «Solum
935 1873 1059 1978 Pupam
1089 1905 1131 1952 ex
1155 1875 1263 1978 pleni·

147 1995 264 2069 tudine
299 1991 475 2095 potestatis
511 1990 557 2069 et
577 1995 822 2069 consuetudine
857 1992 1037 2066 multorum
1071 1993 1263 2070 seculorum

147 2136 214 2185 usu
238 2105 702 2210 comprobata‚·dispensare
727 2102 817 2183 circa
839 2102 1080 2208 impedimenta
1104 2107 1264 2182 dirimen-

148 2227 194 2299 tiu
217 2227 308 2321 (41).
325 2221 353 2295 n
946 2219 948 2226 ’

219 2342 274 2415 Sic
298 2342 399 2415 etiem
422 2341 632 2442 Tournelyus
659 2332 836 2440 inquirens
858 2357 992 2440 quaest.
1020 2341 1073 2413 Vl.
1089 2340 1201 2414 ‘cuius
1218 2340 1263 2413 sit

147 2458 288 2532 facultas
306 2457 525 2557 dispensandi
545 2457 589 2530 ub
610 2448 862 2557 impedimentis
880 2453 1106 2544 matrimonii,
1127 2480 1263 2556 respon·

147 2573 222 2647 det:
254 2573 553 2646 «Controversiam
571 2573 660 2646 hanc
679 2573 715 2644 in
733 2571 877 2645 concilio
898 2566 1080 2644 tridentino
1101 2573 1262 2669 agitatam

147 2687 254 2760 luisse
270 2713 332 2761 uec
348 2688 522 2760 delinitam
541 2690 633 2783 (48);
651 2681 743 2760 nulla
761 2688 850 2760 enim
871 2686 944 2784 lege
960 2685 1195 2760 ecclesiastica
1211 2713 1264 2784 ge-

146 2803 271 2890 nerali,
300 2830 360 2876 seu
386 2795 513 2904 canone
539 2820 700 2877 statutum
728 2803 893 2877 habemus
924 2804 967 2876 ud
993 2804 1102 2877 solum
1128 2804 1264 2903 pontili-

146 2940 239 3007 cem,
264 2920 411 2993 exclusis
428 2921 617 3020 episcopis,
640 2921 808 3020 portinere
831 2920 1021 2994 fucultatem
1039 2920 1263 3020 dispensandi

147 3035 191 3110 ab
204 3035 454 3136 impedimentis
471 3037 691 3111 matrimonii.
710 3037 788 3111 Solu
805 3036 1012 3110 consuetudo
1023 3052 1057 3109 et
1073 3037 1264 3110 communis

146 3144 309 3228 ecclesiae
333 3180 417 3228 usus
445 3153 509 3227 boc
531 3153 595 3253 ipsi
624 3155 677 3228 ius
704 3155 828 3228 asserit
849 3156 972 3249 (49).»

220 3269 380 3343 billuurt:
404 3270 524 3342 «Haec
540 3285 710 3368 potestas,
729 3269 859 3368 inquit,
880 3267 1125 3369 (dispensandi
1138 3268 1184 3342 ab
1201 3269 1265 3340 im·

147 3386 351 3486 pedimentis
373 3386 611 3459 dirimentibus
637 3386 721 3458 iuris
750 3383 910 3480 humani)
932 3384 1057 3458 residet
1078 3384 1112 3456 in
1131 3409 1265 3458 summo

215 3613 265 3674 (45)
280 3615 318 3660 De
341 3614 457 3662 matrim.
477 3626 502 3674 q.
515 3613 557 3660 lv.
570 3612 649 3660 coust.
664 3613 705 3660 iv.

214 3693 264 3753 (46)
283 3694 319 3740 Dc
337 3693 417 3740 otnlr.
437 3706 490 3754 cap.
507 3694 536 3740 Χ.
552 3707 577 3755 q.
594 3701 616 3740 t.

214 3774 264 3834 (tt)
281 3776 318 3822 Dc
337 3774 454 3822 nimrim.
475 3785 530 3835 cup.
548 3773 592 3822 iv.
605 3775 652 3823 art.
669 3774 699 3822 11.

214 3855 264 3918 (it)
281 3856 375 3904 censeo
392 3853 557 3916 Tourueiyum
568 3853 607 3903 tris
625 3852 706 3903 rubis
716 3854 826 3903 alludere
845 3853 951 3902 voluisse
966 3852 997 3902 ed
1013 3850 1077 3901 titud
1093 3851 1160 3914 quod
1176 3865 1207 3901 aa
1220 3854 1265 3901 Pa·

145 3936 226 3988 locuto
242 3937 316 3999 pauiu
336 3937 393 3985 aute
413 3933 557 3997 retulimus3
577 3937 604 3984 at
621 3947 650 3984 ex
669 3935 783 3984 Palaeuto
798 3947 847 3984 non
868 3933 937 3983 aliud
959 3932 1079 3994 babetur,
1099 3944 1177 3993 qnam
1196 3929 1263 3994 qnod

145 4015 342 4066 existimantibus
362 4014 487 4066 nonnuliis
503 4013 613 4078 patribus
631 4027 703 4077 posse
722 4014 841 4077 episcopis
855 4013 931 4064 tribui
948 4012 1089 4063 facultatem
1108 4009 1265 4074 dispensuudi

145 4096 173 4147 h
187 4099 276 4160 quarto
301 4096 391 4160 pedu,
409 4095 543 4148 obstructa
563 4097 678 4159 episeopo
698 4098 820 4158 Augustae
835 4095 973 4145 ensurius
992 4093 1098 4143 samnio
1119 4091 1214 4154 Babba,
1227 4105 1265 4153 ay·

141 4174 227 4226 audin
242 4175 356 4226 uniuersa
375 4176 400 4226 in
418 4175 472 4225 eius
489 4176 591 4226 cesserit
607 4175 761 4226 mutantium.
782 4176 847 4226 Nihil
867 4178 991 4238 pssum
1009 4173 1056 4223 hac
1075 4172 1108 4224 de
1136 4187 1162 4222 ra
1181 4175 1265 4222 mum

146 4259 184 4307 est
203 4254 228 4304 iu
242 4255 374 4306 tridentina
387 4247 490 4318 syuodo.
1118 4271 1121 4277 ·

215 4335 319 4397 (19)1)ι
334 4339 413 4386 matr.
431 4339 525 4399 quaest.
538 4338 592 4386 vn.
606 4339 654 4386 art.
669 4336 714 4385 ult
