2804 5062
154 378 224 430 w.
233 380 279 429 Vl.
294 381 334 430 DE
347 380 442 430 mli·
456 380 591 429 flauum.
602 379 665 430 mr.
679 381 715 430 su
727 380 788 429 vel.
801 379 864 430 GU!
880 379 972 431 Cssll.
984 381 1054 431 ΔΜ.
1067 382 1115 432 111.
1149 358 1220 434 253

117 527 205 598 quom
222 501 428 573 observatum
447 514 618 598 tamquam
635 498 787 572 eiusdem
805 497 939 572 concilii
957 497 1143 589 decretum,
1164 517 1222 574 ant

117 616 134 689 ti
149 615 293 716 quando
310 615 524 689 observatum
543 613 617 701 luit,
642 613 740 712 longo
763 612 841 688 dein
865 616 1024 715 temporis
1046 614 1221 691 intervallo
1345 680 1347 685 .

117 758 139 803 n
166 730 429 805 desuetudinem
456 728 567 816 abiit3
603 731 681 803 item
708 729 766 803 ubi
792 728 1004 804 benedictina
1032 729 1222 806 Declaratio

117 862 241 922 titensa
259 862 328 934 cst,
350 863 387 919 ut
404 847 509 947 liquet
526 873 566 918 ex
585 845 697 918 allatis
715 847 789 919 eius
806 845 929 919 verbis.
953 845 1061 932 Quam
1088 861 1222 920 senten-

117 962 185 1035 iam
203 962 325 1036 merito
338 962 386 1034 uti
400 960 656 1061 improbabilem
671 961 819 1060 pontifex
836 960 966 1048 reiicit;
987 961 1125 1034 minime
1141 987 1221 1036 uero

117 1074 242 1151 lisserit
254 1075 298 1148 de
310 1070 443 1151 illorum
457 1075 624 1149 sententia
636 1101 739 1175 quam
753 1090 896 1175 sequuta
904 1088 955 1148 est
963 1059 1221 1176 constanterque

117 1191 261 1292 equitur
281 1190 424 1265 ecclesia
444 1217 601 1278 romana,
621 1206 659 1265 ut
675 1188 903 1279 ostendimus,
921 1190 1023 1265 relate
1040 1190 1084 1264 ad
1103 1192 1219 1265 matri-

117 1307 217 1382 nonia
238 1306 284 1380 ab
305 1307 484 1381 haereticis
504 1307 591 1380 inter
612 1333 650 1380 se
669 1307 753 1379 inita
775 1332 886 1380 coram
904 1307 1060 1382 ministro
1085 1308 1220 1383 acatho-

117 1423 166 1500 ico
184 1425 229 1498 iis
243 1423 279 1496 in
292 1422 376 1497 locis
390 1423 425 1494 in
439 1423 565 1523 quibus
579 1423 749 1496 decretum
762 1422 979 1497 tridentinum
997 1421 1215 1523 publicatum,

117 1553 204 1639 itque
233 1554 272 1612 ut
301 1537 366 1613 tale
396 1538 606 1612 observatum
629 1555 701 1624 est,
722 1537 872 1637 alioquin
896 1538 962 1611 sibi
989 1539 1063 1638 ipse
1087 1553 1219 1614 contra·

117 1653 262 1740 fixisset,
279 1655 338 1753 qui
357 1679 424 1726 non
441 1653 546 1727 semel
559 1652 611 1726 vel
626 1679 685 1753 par
697 1679 752 1741 se,
767 1652 820 1726 vel
834 1679 894 1753 per
911 1679 1072 1751 organum
1085 1680 1221 1754 congre·

117 1770 277 1866 ptionum
295 1768 462 1842 eiusmodi
481 1768 639 1867 coniugia
658 1767 751 1841 nulla
760 1794 800 1843 ac
810 1769 903 1842 irrita
916 1770 990 1869 ipsc
1002 1769 1107 1843 edixit
1127 1773 1214 1866 (73).

175 1885 250 1959 Hac
275 1883 566 1959 animadversione
591 1884 635 1957 ad
660 1909 792 1957 omnem
823 1883 1132 1982 aequivocationem
1158 1884 1219 1958 eli-

117 2001 298 2076 niuandam
323 2000 529 2099 praemissa,
559 2014 649 2099 patet
673 2026 713 2073 ex
740 1999 789 2071 Pii
808 2000 876 2071 vll.
897 1998 1011 2074 uerbis
1030 2025 1098 2075 non
1115 2001 1217 2075 modo

117 2116 214 2190 ulida
235 2115 395 2189 habenda
420 2141 497 2189 esse
523 2115 784 2191 acatholicorum
812 2115 969 2214 coniugia
993 2116 1047 2189 vel
1070 2116 1157 2190 inter
1182 2143 1221 2192 se

117 2233 185 2307 nita
202 2256 318 2306 ceram
331 2231 485 2305 ministro
503 2230 707 2320 acatholico,
723 2231 776 2305 vel
790 2257 865 2305 cum
879 2232 1056 2307 catholicis
1068 2232 1128 2305 ubi
1141 2256 1220 2331 pro·

117 2348 290 2447 uulgatum
309 2373 375 2421 non
393 2364 444 2421 est
460 2347 630 2421 decretum
657 2347 894 2435 tridentinum,
915 2363 973 2422 aut
995 2348 1053 2423 nbi
1080 2365 1219 2424 extensa

117 2481 151 2541 st
167 2463 601 2553 benedictinalleclaratio,
617 2465 848 2539 verumetiam
863 2464 923 2538 ubi
937 2466 1000 2539 etsi
1014 2463 1219 2565 publicatum

117 2581 153 2655 al
186 2606 373 2680 numquam
401 2579 615 2654 observatum
641 2595 754 2654 estut
783 2580 952 2655 decretum
978 2580 1133 2669 concilii,
1161 2596 1220 2654 ant

117 2695 242 2794 tlongo
260 2696 418 2795 temporis
443 2695 618 2769 intervallo
639 2696 674 2768 in
697 2695 953 2770 desuetudinem
972 2696 1104 2771 abierit.
1124 2695 1221 2771 Circa

117 2839 204 2912 quam
233 2825 434 2911 postremam
456 2810 663 2897 clausulam,
685 2837 761 2885 cum
779 2810 921 2885 dubium
942 2811 1087 2887 suboriri
1112 2812 1222 2913 possit

117 2927 276 3026 quodnam
300 2925 459 3024 temporis
485 2925 698 2999 intervallum
725 2927 913 3026 requiratur
942 2945 975 3001 et
1003 2927 1151 3003 sufficiat
1176 2926 1220 3001 ad

117 3040 195 3115 llam
219 3041 460 3114 desuetudinem
487 3039 731 3129 inducendam,
764 3058 802 3117 ut
831 3043 999 3117 connubia
1021 3043 1135 3117 valida
1162 3041 1221 3114 ba·

117 3158 174 3231 teri
193 3156 360 3243 debeant,
378 3157 412 3228 in
426 3156 562 3230 casibus
581 3156 840 3256 particularibus
853 3158 951 3232 sedes
966 3157 1152 3258 apostolica
1169 3173 1222 3231 est

117 3272 329 3358 tensulenda‚
351 3299 438 3373 quae
456 3273 614 3372 spectatis
641 3272 798 3346 omnibus
817 3299 927 3346 rerum
945 3272 1133 3359 adiunctis,
1160 3271 1220 3344 de-

117 3405 219 3462 temet
243 3388 334 3488 quod
361 3389 395 3459 in
418 3389 503 3489 ipsis
526 3389 688 3462 iudicium
710 3389 883 3462 serendum
911 3390 989 3463 sit.¹

176 3505 326 3592 Quarto,
347 3505 587 3578 occurrendum
610 3522 661 3578 est
683 3505 819 3579 iniustis
837 3506 902 3578 hac
918 3504 961 3578 dc
982 3531 1017 3578 re
1035 3504 1220 3579 haeretico-

117 3646 177 3693 um
202 3620 350 3720 querelis
370 3621 400 3692 si
424 3645 510 3718 quas
529 3618 613 3692 sorte
634 3636 816 3693 moverent.
833 3619 1004 3693 Sententia
1019 3645 1107 3718 quae
1124 3618 1221 3692 docet

117 3735 256 3811 nvalida
269 3761 345 3809 esse
358 3735 545 3808 christiana
559 3735 771 3808 matrimonia
783 3762 851 3809 non
864 3735 962 3809 modo
976 3735 1221 3808 haereticorum

117 3869 191 3926 nter
200 3877 252 3938 se,
263 3878 378 3925 verum
388 3852 490 3924 etiam
502 3851 655 3924 mixtaob
666 3851 930 3925 ecclesiasticum
940 3848 1221 3924 clandestinitatis

118 3968 395 4069 mpedimentum‚
413 3965 516 4039 dubio
534 3965 648 4065 procul
666 3965 733 4039 iras
751 3967 873 4040 excitat
889 3965 1145 4051 haeretieorum,
1161 3963 1220 4063 qui

117 4080 305 4156 »ullatenus
324 4082 408 4153 serre
426 4097 588 4180 possunt,
609 4097 646 4154 ut
664 4080 821 4168 ecclesia,
850 4108 951 4180 quam
972 4080 1038 4180 ipsi
1067 4079 1222 4153 reiicinnt

174 4251 229 4314 (ta)
244 4251 394 4303 Recolentur
417 4250 576 4303 resolutiones
596 4265 657 4314 quaa
668 4251 693 4300 iu
704 4256 750 4302 art.
763 4249 915 4316 praecedeuti
931 4251 1058 4304 retulimus
1068 4266 1098 4303 ex
1110 4263 1221 4315 congreg.

117 4363 126 4381 ·.
139 4333 221 4384 officit
235 4346 278 4383 an.
292 4340 359 4385 1808.
373 4345 478 4383 necnon
492 4346 532 4382 an.
550 4339 618 4384 1829.
626 4336 651 4383 et
660 4346 700 4383 an.
714 4339 781 4386 tct7.
839 4376 841 4381 .
