2828 5054
147 351 218 421 tat
388 369 449 421 ste.
471 369 506 421 n.
526 368 613 419 saer.
634 369 658 418 r.
679 368 719 418 nr
745 367 869 418 rornsr.
891 365 1017 417 soenes

147 491 295 577 dirimit,
324 504 424 589 atque
450 513 491 559 ex
517 485 757 585 impedimento
776 483 867 584 quod
893 483 1018 557 dieitur
1042 483 1257 581 spumoliurn,

147 607 307 708 quodque
331 603 473 703 impedit
497 602 680 703 quominus
705 601 759 689 is,
779 600 839 700 qui
861 597 1083 700 sponsalibus
1108 624 1187 673 eum
1210 599 1262 673 ali·

148 750 217 824 que
241 720 423 796 obstrictus
455 734 525 806 est,
554 716 623 790 illis
649 715 911 817 perdurantibus
937 741 999 791 seu
1029 741 1099 789 non
1126 715 1260 803 solutis,

149 867 224 914 oum
243 837 311 912 alia
335 863 374 910 se
390 834 549 933 coniugio
566 833 712 934 copulet.
735 833 846 919 Quum
863 858 943 907 vero
959 830 1128 907 ecelesiae
1153 832 1199 906 sit
1213 832 1264 906 de

148 955 276 1029 clararo
291 952 428 1054 quando
439 966 473 1024 et
485 952 519 1023 in
537 950 661 1051 quibus
679 975 788 1022 rerum
807 948 976 1023 adiunctis
993 947 1193 1048 quibusque
1206 947 1263 1022 sub

32 1143 36 1153 A
150 1069 400 1145 conditionibus
430 1067 603 1170 sponsalia
634 1067 791 1165 uigeant,
819 1093 860 1140 ac
885 1064 1029 1166 proinde
1053 1065 1264 1139 matrimonia

152 1186 429 1286 impedimentum
459 1183 710 1282 recensitosque
730 1182 869 1256 effectus
890 1181 1043 1280 pariant,
1064 1180 1111 1254 ab
1128 1180 1263 1280 bisque,

152 1302 182 1374 si
202 1327 288 1401 opus
308 1299 409 1374 luerit
434 1325 474 1373 ao
496 1297 680 1373 nenessitas
706 1301 836 1396 exigat,
863 1296 1086 1396 dispensare,
1108 1295 1266 1371 eeclesiae

151 1418 306 1517 potestati
326 1416 498 1518 sponsalia
514 1413 659 1489 obnoxia
675 1441 752 1488 esse
770 1440 908 1488 neeesse
924 1429 995 1500 est,
1016 1428 1051 1487 et
1071 1413 1215 1513 quidem
1235 1426 1266 1485 nt

152 1533 225 1606 iure
249 1558 333 1620 suo,
365 1557 431 1605 non
458 1546 569 1604 autem
602 1555 643 1603 ex
673 1529 864 1630 principum
889 1529 989 1603 uenia
1014 1527 1060 1601 de
1093 1527 1140 1602 iis
1167 1527 1266 1627 possit

153 1648 315 1721 iudicium
341 1646 438 1720 ferre.

226 1764 323 1850 Quod
347 1789 426 1837 vero
452 1778 564 1863 patres
595 1762 856 1836 christianorum
887 1759 1062 1861 sponsalia
1093 1758 1265 1834 habuerint

152 1881 201 1953 uti
228 1906 297 1953 rem
324 1878 455 1953 sacram
480 1896 583 1979 atque
607 1877 771 1952 ecelesiae
802 1876 935 1975 legibus
965 1875 1213 1950 moderandam
1235 1900 1266 1949 es

152 2022 194 2069 eo
218 1995 500 2095 deprehenditur,
530 1994 621 2094 quod
646 1994 690 2065 de
715 1994 758 2067 iis
791 2011 963 2092 tamquam
992 1991 1037 2066 de
1065 1989 1265 2066 matrimonii

155 2125 249 2210 parte
276 2109 429 2206 integrali
454 2109 636 2182 disserant.
666 2110 753 2181 Sane
781 2105 1005 2179 Tertullianus
1032 2106 1068 2177 in
1096 2105 1267 2180 notissimo

155 2224 229 2298 eius
251 2240 342 2297 textu
366 2250 407 2297 ex
432 2223 491 2296 lib.
515 2225 558 2295 ll.
579 2223 787 2296 dd‘anorem
803 2223 905 2295 etiam
923 2220 1100 2320 sponsalia
1125 2219 1264 2320 eomple-

154 2342 254 2414 otitur
270 2342 351 2414 dum
369 2342 472 2415 dicit:
494 2340 580 2439 quod
597 2341 730 2413 eeclesia
754 2340 928 2423 conciliat,
950 2354 988 2412 ut
1011 2337 1201 2411 ostendunt
1215 2337 1266 2409 ls-

154 2456 255 2528 eerda
271 2455 399 2555 aliique
418 2456 519 2530 huius
538 2454 714 2554 scriptoris
731 2454 964 2555 explanatores
985 2455 1075 2549 (25).
1098 2452 1158 2526 Sin
1177 2453 1266 2526 etiam
1305 2476 1307 2481 ⁴

156 2598 184 2642 s.
207 2571 353 2670 Cyrillus
373 2571 691 2671 hierosolymitanus
716 2598 886 2671 exponens
906 2570 1164 2645 catechumenis
1183 2593 1268 2670 spon·

157 2684 243 2757 salia
259 2713 346 2785 quae
364 2689 453 2786 apud
472 2688 676 2761 christianos
698 2687 941 2761 contrahuntur
960 2689 1049 2781 (26).
1072 2687 1109 2758 S.
1127 2684 1268 2787 Syricius

157 2816 268 2871 autem
295 2828 356 2900 pro
382 2818 471 2874 certo
496 2803 641 2875 assumit
658 2802 833 2901 sponsalia
850 2828 871 2874 a
888 2801 1063 2874 sacerdote
1080 2827 1162 2875 esse
1179 2800 1269 2873 bene·

157 2913 301 2986 dicenda
319 2916 353 2986 in
380 2918 516 3017 saepius
536 2917 672 2991 laudata
696 2916 840 3016 epistola
858 2919 901 2989 ad
926 2915 1117 2988 Himerium
1136 2932 1271 2988 tarraoo-

161 3054 299 3103 nansem
319 3030 491 3104 scribens:
512 3033 613 3106 «Hoc
631 3061 673 3106 ne
692 3034 750 3105 liat
762 3032 873 3104 modis
890 3029 1048 3104 omnibus
1062 3029 1267 3112 inhibemus,

160 3149 241 3244 quia
258 3149 320 3219 illa
347 3148 541 3232 benedictio,
567 3177 665 3247 quom
681 3165 844 3246 nupturae
861 3148 1010 3220 sacerdos
1031 3149 1175 3247 imponit
1192 3143 1269 3248 apud

160 3261 278 3336 fideles
304 3264 481 3338 cuiusdam
507 3264 675 3361 sacrilegii
694 3265 801 3337 instar
818 3281 870 3336 est
886 3264 916 3337 si
935 3262 1005 3336 ulla
1027 3264 1272 3362 trangressione

158 3379 302 3453 violetur
325 3384 441 3477 (illa

232 3496 445 3597 Quapropter
469 3498 648 3571 eonsilium
671 3496 910 3570 illiberitanum
936 3521 1012 3568 can.
1043 3496 1124 3568 LIV.
1154 3492 1271 3570 eomo-

161 3609 248 3681 tuit:
288 3613 350 3683 «Si
386 3614 446 3713 qui
484 3631 640 3712 parentes
674 3613 774 3685 fidem
814 3613 974 3709 fregerint
1005 3611 1271 3710 sponsaliorum,

160 3725 295 3798 triennii
314 3742 463 3826 tempore
479 3728 671 3801 abstineant
688 3756 708 3800 a
724 3728 977 3813 communione;
995 3726 1026 3799 si
1045 3742 1160 3799 tamen
1179 3724 1274 3797 iidem

161 3866 308 3938 sponsus
335 3841 388 3917 vel
413 3871 539 3943 sponsa
570 3846 603 3916 in
630 3844 686 3918 illo
717 3846 810 3941 gravi
837 3845 977 3917 crimine
1007 3844 1133 3916 luerint
1163 3842 1276 3942 depre-

235 4105 286 4163 (25)
301 4105 446 4156 cuiusmodi
462 4108 519 4157 sunt
535 4105 676 4168 armenus,
687 4105 805 4169 Rigaltius
823 4107 848 4155 in
863 4107 928 4156 notis
941 4105 972 4154 ad
991 4105 1058 4154 buno
1074 4103 1177 4167 locum,
1189 4110 1278 4152 neman

159 4182 255 4246 Lupus,
264 4188 289 4233 et
299 4185 475 4250 Albaspimeus
484 4188 701 4237 incommentarits
709 4187 822 4249 suie,aut
830 4184 1045 4250 explanationibus
1060 4197 1119 4247 opp.
1127 4177 1279 4236 Tertulliani·

230 4263 281 4326 (te)
296 4266 397 4317 canen.
410 4270 453 4316 ΙΙΙ.
466 4267 489 4330 §.
501 4278 522 4318 1.
535 4272 560 4318 et
571 4275 593 4319 2.
608 4268 647 4318 od.
662 4268 760 4317 Touttei
775 4281 829 4331 pag.
845 4275 882 4317 ³9.

229 4342 281 4404 (²7)
297 4345 367 4408 Apud
383 4347 504 4399 coemat
519 4349 603 4412 Epist.
615 4360 679 4397 rom.
694 4345 790 4411 pontis.
804 4349 875 4411 aptat.
892 4349 913 4397 1.
930 4361 955 4396 n.
972 4353 995 4397 s.
1008 4345 1056 4395 ool.
1071 4350 1127 4395 sas.
