<?xml version="1.0" encoding="UTF-8"?>
<!DOCTYPE html PUBLIC "-//W3C//DTD XHTML 1.0 Transitional//EN"
    "http://www.w3.org/TR/xhtml1/DTD/xhtml1-transitional.dtd">
<html xmlns="http://www.w3.org/1999/xhtml" xml:lang="en" lang="en">
 <head>
  <title>
</title>
<meta http-equiv="Content-Type" content="text/html;charset=utf-8" />
  <meta name='ocr-system' content='tesseract 3.04.00' />
  <meta name='ocr-capabilities' content='ocr_page ocr_carea ocr_par ocr_line ocrx_word'/>
</head>
<body>
  <div class='ocr_page' id='page_1' title='image "./dematrimoniochr02perrgoog_0278.png"; bbox 0 0 2804 5062; ppageno 0'>
   <div class='ocr_carea' id='block_1_1' title="bbox 174 364 1245 441">
    <p class='ocr_par' dir='ltr' id='par_1_1' title="bbox 174 364 1245 441">
     <span class='ocr_line' id='line_1_1' title="bbox 174 364 1245 441; baseline -0.003 0"><span class='ocrx_word' id='word_1_1' title='bbox 174 389 244 441; x_wconf 77' lang='lat' dir='ltr'>cir.</span> <span class='ocrx_word' id='word_1_2' title='bbox 257 389 304 439; x_wconf 86' lang='lat' dir='ltr'>vr.</span> <span class='ocrx_word' id='word_1_3' title='bbox 318 389 358 438; x_wconf 82' lang='lat' dir='ltr'>nn</span> <span class='ocrx_word' id='word_1_4' title='bbox 371 387 466 439; x_wconf 76' lang='lat' dir='ltr'>reru.</span> <span class='ocrx_word' id='word_1_5' title='bbox 480 385 743 438; x_wconf 65' lang='lat' dir='ltr'>unumunurn</span> <span class='ocrx_word' id='word_1_6' title='bbox 756 384 889 436; x_wconf 76' lang='lat' dir='ltr'>vescon</span> <span class='ocrx_word' id='word_1_7' title='bbox 903 384 997 436; x_wconf 81' lang='lat' dir='ltr'>erra.</span> <span class='ocrx_word' id='word_1_8' title='bbox 1011 385 1125 435; x_wconf 75' lang='lat' dir='ltr'>tnnv.</span> <span class='ocrx_word' id='word_1_9' title='bbox 1174 364 1245 438; x_wconf 73' lang='lat' dir='ltr'>uta</span> 
     </span>
    </p>
   </div>
   <div class='ocr_carea' id='block_1_2' title="bbox 125 501 1322 4072">
    <p class='ocr_par' dir='ltr' id='par_1_2' title="bbox 125 501 1322 2340">
     <span class='ocr_line' id='line_1_2' title="bbox 129 501 1247 603; baseline -0.004 -20"><span class='ocrx_word' id='word_1_10' title='bbox 129 506 300 583; x_wconf 71' lang='lat' dir='ltr'>validitate</span> <span class='ocrx_word' id='word_1_11' title='bbox 311 507 425 603; x_wconf 80' lang='lat' dir='ltr'>(tto).</span> <span class='ocrx_word' id='word_1_12' title='bbox 440 503 536 592; x_wconf 87' lang='lat' dir='ltr'>Quod</span> <span class='ocrx_word' id='word_1_13' title='bbox 555 530 633 578; x_wconf 90' lang='lat' dir='ltr'>vero</span> <span class='ocrx_word' id='word_1_14' title='bbox 650 503 769 577; x_wconf 83' lang='lat' dir='ltr'>attinet</span> <span class='ocrx_word' id='word_1_15' title='bbox 786 504 829 576; x_wconf 93' lang='lat' dir='ltr'>ad</span> <span class='ocrx_word' id='word_1_16' title='bbox 843 501 1052 577; x_wconf 82' lang='lat' dir='ltr'>domicilium</span> <span class='ocrx_word' id='word_1_17' title='bbox 1069 528 1247 602; x_wconf 82' lang='lat' dir='ltr'>acquiren-</span> 
     </span>
     <span class='ocr_line' id='line_1_3' title="bbox 129 618 1246 720; baseline -0.003 -23"><span class='ocrx_word' id='word_1_18' title='bbox 129 620 206 697; x_wconf 87' lang='lat' dir='ltr'>dum</span> <span class='ocrx_word' id='word_1_19' title='bbox 237 637 368 695; x_wconf 87' lang='lat' dir='ltr'>certum</span> <span class='ocrx_word' id='word_1_20' title='bbox 398 619 674 720; x_wconf 82' lang='lat' dir='ltr'>exploratumque</span> <span class='ocrx_word' id='word_1_21' title='bbox 703 631 771 707; x_wconf 88' lang='lat' dir='ltr'>ast,</span> <span class='ocrx_word' id='word_1_22' title='bbox 804 618 896 692; x_wconf 88' lang='lat' dir='ltr'>haud</span> <span class='ocrx_word' id='word_1_23' title='bbox 930 619 1055 720; x_wconf 79' lang='lat' dir='ltr'>requiri</span> <span class='ocrx_word' id='word_1_24' title='bbox 1085 620 1246 720; x_wconf 86' lang='lat' dir='ltr'>temporis</span> 
     </span>
     <span class='ocr_line' id='line_1_4' title="bbox 127 733 1246 823; baseline -0.002 -12"><span class='ocrx_word' id='word_1_25' title='bbox 127 737 387 812; x_wconf 76' lang='lat' dir='ltr'>determinatam</span> <span class='ocrx_word' id='word_1_26' title='bbox 411 735 639 823; x_wconf 81' lang='lat' dir='ltr'>durationem,</span> <span class='ocrx_word' id='word_1_27' title='bbox 664 760 740 808; x_wconf 91' lang='lat' dir='ltr'>oum</span> <span class='ocrx_word' id='word_1_28' title='bbox 770 733 856 808; x_wconf 86' lang='lat' dir='ltr'>satis</span> <span class='ocrx_word' id='word_1_29' title='bbox 888 734 935 808; x_wconf 88' lang='lat' dir='ltr'>sit</span> <span class='ocrx_word' id='word_1_30' title='bbox 965 734 1098 809; x_wconf 89' lang='lat' dir='ltr'>animus</span> <span class='ocrx_word' id='word_1_31' title='bbox 1129 735 1246 809; x_wconf 85' lang='lat' dir='ltr'>firmus</span> 
     </span>
     <span class='ocr_line' id='line_1_5' title="bbox 125 849 1246 951; baseline -0.004 -24"><span class='ocrx_word' id='word_1_32' title='bbox 125 852 253 928; x_wconf 84' lang='lat' dir='ltr'>alicubi</span> <span class='ocrx_word' id='word_1_33' title='bbox 280 850 527 940; x_wconf 92' lang='lat' dir='ltr'>commorandi,</span> <span class='ocrx_word' id='word_1_34' title='bbox 547 877 609 927; x_wconf 88' lang='lat' dir='ltr'>sau</span> <span class='ocrx_word' id='word_1_35' title='bbox 626 850 675 924; x_wconf 92' lang='lat' dir='ltr'>uti</span> <span class='ocrx_word' id='word_1_36' title='bbox 692 864 842 923; x_wconf 89' lang='lat' dir='ltr'>statuunt</span> <span class='ocrx_word' id='word_1_37' title='bbox 867 849 1052 950; x_wconf 87' lang='lat' dir='ltr'>iurisperiti</span> <span class='ocrx_word' id='word_1_38' title='bbox 1069 849 1112 924; x_wconf 87' lang='lat' dir='ltr'>ad</span> <span class='ocrx_word' id='word_1_39' title='bbox 1130 849 1246 951; x_wconf 89' lang='lat' dir='ltr'>ecqui-</span> 
     </span>
     <span class='ocr_line' id='line_1_6' title="bbox 127 967 1242 1068; baseline -0.004 -25"><span class='ocrx_word' id='word_1_40' title='bbox 127 967 273 1043; x_wconf 89' lang='lat' dir='ltr'>rendum</span> <span class='ocrx_word' id='word_1_41' title='bbox 299 967 510 1042; x_wconf 89' lang='lat' dir='ltr'>domicilium</span> <span class='ocrx_word' id='word_1_42' title='bbox 537 967 605 1040; x_wconf 93' lang='lat' dir='ltr'>duo</span> <span class='ocrx_word' id='word_1_43' title='bbox 630 967 866 1068; x_wconf 90' lang='lat' dir='ltr'>requiruntur;</span> <span class='ocrx_word' id='word_1_44' title='bbox 896 968 1025 1039; x_wconf 83' lang='lat' dir='ltr'>animus</span> <span class='ocrx_word' id='word_1_45' title='bbox 1047 982 1078 1039; x_wconf 89' lang='lat' dir='ltr'>et</span> <span class='ocrx_word' id='word_1_46' title='bbox 1098 968 1242 1066; x_wconf 78' lang='lat' dir='ltr'>sactum,</span> 
     </span>
     <span class='ocr_line' id='line_1_7' title="bbox 126 1082 1247 1184; baseline -0.003 -25"><span class='ocrx_word' id='word_1_47' title='bbox 126 1109 164 1159; x_wconf 86' lang='lat' dir='ltr'>ac</span> <span class='ocrx_word' id='word_1_48' title='bbox 181 1098 286 1184; x_wconf 89' lang='lat' dir='ltr'>prout</span> <span class='ocrx_word' id='word_1_49' title='bbox 302 1083 426 1157; x_wconf 89' lang='lat' dir='ltr'>dicitur</span> <span class='ocrx_word' id='word_1_50' title='bbox 442 1083 465 1155; x_wconf 95' lang='lat' dir='ltr'>l.</span> <span class='ocrx_word' id='word_1_51' title='bbox 479 1084 514 1155; x_wconf 82' lang='lat' dir='ltr'>l.</span> <span class='ocrx_word' id='word_1_52' title='bbox 532 1082 602 1156; x_wconf 89' lang='lat' dir='ltr'>cod.</span> <span class='ocrx_word' id='word_1_53' title='bbox 615 1082 654 1154; x_wconf 87' lang='lat' dir='ltr'>de</span> <span class='ocrx_word' id='word_1_54' title='bbox 667 1083 794 1155; x_wconf 78' lang='lat' dir='ltr'>incolis.</span> <span class='ocrx_word' id='word_1_55' title='bbox 811 1083 880 1156; x_wconf 87' lang='lat' dir='ltr'>«Et</span> <span class='ocrx_word' id='word_1_56' title='bbox 897 1084 932 1155; x_wconf 92' lang='lat' dir='ltr'>in</span> <span class='ocrx_word' id='word_1_57' title='bbox 950 1082 1068 1157; x_wconf 88' lang='lat' dir='ltr'>eodem</span> <span class='ocrx_word' id='word_1_58' title='bbox 1086 1082 1159 1156; x_wconf 93' lang='lat' dir='ltr'>loco</span> <span class='ocrx_word' id='word_1_59' title='bbox 1177 1084 1247 1158; x_wconf 91' lang='lat' dir='ltr'>sin-</span> 
     </span>
     <span class='ocr_line' id='line_1_8' title="bbox 126 1197 1249 1299; baseline -0.001 -26"><span class='ocrx_word' id='word_1_60' title='bbox 126 1198 225 1298; x_wconf 78' lang='lat' dir='ltr'>gulos</span> <span class='ocrx_word' id='word_1_61' title='bbox 246 1197 373 1272; x_wconf 84' lang='lat' dir='ltr'>habere</span> <span class='ocrx_word' id='word_1_62' title='bbox 388 1198 598 1273; x_wconf 87' lang='lat' dir='ltr'>domicilium</span> <span class='ocrx_word' id='word_1_63' title='bbox 616 1225 682 1271; x_wconf 93' lang='lat' dir='ltr'>non</span> <span class='ocrx_word' id='word_1_64' title='bbox 699 1197 892 1297; x_wconf 82' lang='lat' dir='ltr'>ambigitur,</span> <span class='ocrx_word' id='word_1_65' title='bbox 909 1198 967 1272; x_wconf 93' lang='lat' dir='ltr'>ubi</span> <span class='ocrx_word' id='word_1_66' title='bbox 986 1199 1064 1299; x_wconf 87' lang='lat' dir='ltr'>quis</span> <span class='ocrx_word' id='word_1_67' title='bbox 1079 1198 1182 1272; x_wconf 83' lang='lat' dir='ltr'>larem</span> <span class='ocrx_word' id='word_1_68' title='bbox 1195 1225 1249 1272; x_wconf 87' lang='lat' dir='ltr'>re-</span> 
     </span>
     <span class='ocr_line' id='line_1_9' title="bbox 127 1315 1248 1414; baseline 0 -26"><span class='ocrx_word' id='word_1_69' title='bbox 127 1341 293 1414; x_wconf 90' lang='lat' dir='ltr'>rumque,</span> <span class='ocrx_word' id='word_1_70' title='bbox 313 1340 354 1389; x_wconf 90' lang='lat' dir='ltr'>ao</span> <span class='ocrx_word' id='word_1_71' title='bbox 370 1315 579 1389; x_wconf 77' lang='lat' dir='ltr'>fortunarum</span> <span class='ocrx_word' id='word_1_72' title='bbox 597 1340 734 1388; x_wconf 90' lang='lat' dir='ltr'>suarum</span> <span class='ocrx_word' id='word_1_73' title='bbox 753 1341 919 1388; x_wconf 90' lang='lat' dir='ltr'>summam</span> <span class='ocrx_word' id='word_1_74' title='bbox 943 1315 1137 1402; x_wconf 88' lang='lat' dir='ltr'>constituit,</span> <span class='ocrx_word' id='word_1_75' title='bbox 1159 1315 1248 1388; x_wconf 90' lang='lat' dir='ltr'>uude</span> 
     </span>
     <span class='ocr_line' id='line_1_10' title="bbox 128 1430 1243 1532; baseline -0.003 -27"><span class='ocrx_word' id='word_1_76' title='bbox 128 1457 249 1505; x_wconf 83' lang='lat' dir='ltr'>rursus</span> <span class='ocrx_word' id='word_1_77' title='bbox 269 1457 337 1505; x_wconf 93' lang='lat' dir='ltr'>non</span> <span class='ocrx_word' id='word_1_78' title='bbox 356 1432 400 1505; x_wconf 89' lang='lat' dir='ltr'>sit</span> <span class='ocrx_word' id='word_1_79' title='bbox 415 1430 631 1506; x_wconf 79' lang='lat' dir='ltr'>discessurus</span> <span class='ocrx_word' id='word_1_80' title='bbox 649 1432 680 1504; x_wconf 90' lang='lat' dir='ltr'>si</span> <span class='ocrx_word' id='word_1_81' title='bbox 699 1430 785 1504; x_wconf 92' lang='lat' dir='ltr'>nihil</span> <span class='ocrx_word' id='word_1_82' title='bbox 802 1449 957 1520; x_wconf 84' lang='lat' dir='ltr'>avocet,»</span> <span class='ocrx_word' id='word_1_83' title='bbox 970 1448 1070 1532; x_wconf 90' lang='lat' dir='ltr'>atque</span> <span class='ocrx_word' id='word_1_84' title='bbox 1088 1431 1112 1503; x_wconf 93' lang='lat' dir='ltr'>l.</span> <span class='ocrx_word' id='word_1_85' title='bbox 1131 1434 1189 1504; x_wconf 77' lang='grc'>20.</span> <span class='ocrx_word' id='word_1_86' title='bbox 1207 1431 1243 1503; x_wconf 85' lang='lat' dir='ltr'>ll.</span> 
     </span>
     <span class='ocr_line' id='line_1_11' title="bbox 125 1545 1245 1649; baseline 0 -30"><span class='ocrx_word' id='word_1_87' title='bbox 125 1545 177 1619; x_wconf 77' lang='lat' dir='ltr'>dd</span> <span class='ocrx_word' id='word_1_88' title='bbox 203 1548 468 1646; x_wconf 81' lang='lat' dir='ltr'>municipalem:</span> <span class='ocrx_word' id='word_1_89' title='bbox 499 1548 542 1620; x_wconf 89' lang='lat' dir='ltr'>ad</span> <span class='ocrx_word' id='word_1_90' title='bbox 576 1546 769 1620; x_wconf 88' lang='lat' dir='ltr'>habendum</span> <span class='ocrx_word' id='word_1_91' title='bbox 801 1547 1010 1622; x_wconf 89' lang='lat' dir='ltr'>domicilium</span> <span class='ocrx_word' id='word_1_92' title='bbox 1042 1547 1245 1649; x_wconf 88' lang='lat' dir='ltr'>requiritur,</span> 
     </span>
     <span class='ocr_line' id='line_1_12' title="bbox 128 1661 1248 1762; baseline 0.004 -31"><span class='ocrx_word' id='word_1_93' title='bbox 128 1661 257 1762; x_wconf 79' lang='lat' dir='ltr'>«quod</span> <span class='ocrx_word' id='word_1_94' title='bbox 276 1663 356 1762; x_wconf 88' lang='lat' dir='ltr'>quis</span> <span class='ocrx_word' id='word_1_95' title='bbox 374 1661 452 1737; x_wconf 77' lang='lat' dir='ltr'>velit</span> <span class='ocrx_word' id='word_1_96' title='bbox 477 1662 682 1737; x_wconf 86' lang='lat' dir='ltr'>constituere</span> <span class='ocrx_word' id='word_1_97' title='bbox 698 1663 734 1733; x_wconf 95' lang='lat' dir='ltr'>in</span> <span class='ocrx_word' id='word_1_98' title='bbox 752 1661 810 1734; x_wconf 90' lang='lat' dir='ltr'>tali</span> <span class='ocrx_word' id='word_1_99' title='bbox 828 1662 899 1736; x_wconf 90' lang='lat' dir='ltr'>loco</span> <span class='ocrx_word' id='word_1_100' title='bbox 917 1662 1162 1736; x_wconf 88' lang='lat' dir='ltr'>habitationem</span> <span class='ocrx_word' id='word_1_101' title='bbox 1179 1680 1248 1736; x_wconf 88' lang='lat' dir='ltr'>sta·</span> 
     </span>
     <span class='ocr_line' id='line_1_13' title="bbox 128 1776 1249 1879; baseline -0.002 -28"><span class='ocrx_word' id='word_1_102' title='bbox 128 1776 233 1851; x_wconf 87' lang='lat' dir='ltr'>bilem</span> <span class='ocrx_word' id='word_1_103' title='bbox 252 1794 286 1851; x_wconf 89' lang='lat' dir='ltr'>et</span> <span class='ocrx_word' id='word_1_104' title='bbox 302 1779 634 1878; x_wconf 84' lang='lat' dir='ltr'>perpetuam.»Sane</span> <span class='ocrx_word' id='word_1_105' title='bbox 651 1804 721 1852; x_wconf 87' lang='lat' dir='ltr'>sao.</span> <span class='ocrx_word' id='word_1_106' title='bbox 743 1779 956 1877; x_wconf 81' lang='lat' dir='ltr'>congregatio</span> <span class='ocrx_word' id='word_1_107' title='bbox 981 1777 1115 1852; x_wconf 90' lang='lat' dir='ltr'>concilii</span> <span class='ocrx_word' id='word_1_108' title='bbox 1141 1778 1249 1879; x_wconf 93' lang='lat' dir='ltr'>quod-</span> 
     </span>
     <span class='ocr_line' id='line_1_14' title="bbox 127 1893 1322 1998; baseline -0.003 -29"><span class='ocrx_word' id='word_1_109' title='bbox 127 1893 208 1969; x_wconf 89' lang='lat' dir='ltr'>dam</span> <span class='ocrx_word' id='word_1_110' title='bbox 226 1896 479 1969; x_wconf 88' lang='lat' dir='ltr'>matrimonium</span> <span class='ocrx_word' id='word_1_111' title='bbox 496 1895 650 1970; x_wconf 84' lang='lat' dir='ltr'>validum</span> <span class='ocrx_word' id='word_1_112' title='bbox 665 1896 835 1998; x_wconf 88' lang='lat' dir='ltr'>probavit,</span> <span class='ocrx_word' id='word_1_113' title='bbox 852 1896 943 1995; x_wconf 94' lang='lat' dir='ltr'>quod</span> <span class='ocrx_word' id='word_1_114' title='bbox 957 1895 1024 1968; x_wconf 92' lang='lat' dir='ltr'>duo</span> <span class='ocrx_word' id='word_1_115' title='bbox 1038 1894 1187 1967; x_wconf 83' lang='lat' dir='ltr'>Gesonae</span> <span class='ocrx_word' id='word_1_116' title='bbox 1201 1895 1249 1966; x_wconf 94' lang='lat' dir='ltr'>in·</span> <span class='ocrx_word' id='word_1_117' title='bbox 1321 1931 1322 1934; x_wconf 37' lang='lat'>¹</span> 
     </span>
     <span class='ocr_line' id='line_1_15' title="bbox 128 2008 1248 2112; baseline -0.004 -27"><span class='ocrx_word' id='word_1_118' title='bbox 128 2008 227 2085; x_wconf 83' lang='lat' dir='ltr'>colae</span> <span class='ocrx_word' id='word_1_119' title='bbox 243 2009 456 2084; x_wconf 87' lang='lat' dir='ltr'>celebrarunt</span> <span class='ocrx_word' id='word_1_120' title='bbox 474 2010 648 2099; x_wconf 82' lang='lat' dir='ltr'>Forulivii,</span> <span class='ocrx_word' id='word_1_121' title='bbox 670 2038 710 2085; x_wconf 89' lang='lat' dir='ltr'>eo</span> <span class='ocrx_word' id='word_1_122' title='bbox 728 2010 818 2112; x_wconf 91' lang='lat' dir='ltr'>quod</span> <span class='ocrx_word' id='word_1_123' title='bbox 836 2009 948 2109; x_wconf 88' lang='lat' dir='ltr'>puella</span> <span class='ocrx_word' id='word_1_124' title='bbox 965 2024 1042 2082; x_wconf 91' lang='lat' dir='ltr'>ante</span> <span class='ocrx_word' id='word_1_125' title='bbox 1059 2008 1248 2082; x_wconf 88' lang='lat' dir='ltr'>discessum</span> 
     </span>
     <span class='ocr_line' id='line_1_16' title="bbox 129 2124 1245 2226; baseline 0 -28"><span class='ocrx_word' id='word_1_126' title='bbox 129 2125 243 2226; x_wconf 85' lang='lat' dir='ltr'>palam</span> <span class='ocrx_word' id='word_1_127' title='bbox 275 2126 430 2212; x_wconf 86' lang='lat' dir='ltr'>lecisset,</span> <span class='ocrx_word' id='word_1_128' title='bbox 459 2152 497 2201; x_wconf 89' lang='lat' dir='ltr'>se</span> <span class='ocrx_word' id='word_1_129' title='bbox 525 2126 733 2200; x_wconf 92' lang='lat' dir='ltr'>domicilium</span> <span class='ocrx_word' id='word_1_130' title='bbox 760 2128 795 2197; x_wconf 94' lang='lat' dir='ltr'>in</span> <span class='ocrx_word' id='word_1_131' title='bbox 825 2126 890 2200; x_wconf 88' lang='lat' dir='ltr'>hac</span> <span class='ocrx_word' id='word_1_132' title='bbox 918 2125 1054 2200; x_wconf 83' lang='lat' dir='ltr'>civitate</span> <span class='ocrx_word' id='word_1_133' title='bbox 1084 2124 1245 2223; x_wconf 81' lang='lat' dir='ltr'>deligere,</span> 
     </span>
     <span class='ocr_line' id='line_1_17' title="bbox 127 2241 898 2340; baseline -0.001 -23"><span class='ocrx_word' id='word_1_134' title='bbox 127 2241 186 2317; x_wconf 81' lang='lat' dir='ltr'>ulti</span> <span class='ocrx_word' id='word_1_135' title='bbox 213 2257 367 2316; x_wconf 87' lang='lat' dir='ltr'>materna</span> <span class='ocrx_word' id='word_1_136' title='bbox 391 2243 467 2316; x_wconf 84' lang='lat' dir='ltr'>avia</span> <span class='ocrx_word' id='word_1_137' title='bbox 491 2243 594 2316; x_wconf 89' lang='lat' dir='ltr'>vitam</span> <span class='ocrx_word' id='word_1_138' title='bbox 620 2243 764 2316; x_wconf 87' lang='lat' dir='ltr'>ducebat</span> <span class='ocrx_word' id='word_1_139' title='bbox 785 2246 898 2340; x_wconf 77' lang='lat'><strong>(177).</strong></span> 
     </span>
    </p>

    <p class='ocr_par' dir='ltr' id='par_1_3' title="bbox 127 2355 1253 3725">
     <span class='ocr_line' id='line_1_18' title="bbox 202 2355 1246 2456; baseline 0.002 -28"><span class='ocrx_word' id='word_1_140' title='bbox 202 2355 241 2428; x_wconf 91' lang='lat' dir='ltr'>Si</span> <span class='ocrx_word' id='word_1_141' title='bbox 267 2356 326 2456; x_wconf 91' lang='lat' dir='ltr'>qui</span> <span class='ocrx_word' id='word_1_142' title='bbox 352 2356 496 2456; x_wconf 89' lang='lat' dir='ltr'>proinde</span> <span class='ocrx_word' id='word_1_143' title='bbox 520 2357 587 2432; x_wconf 89' lang='lat' dir='ltr'>alio</span> <span class='ocrx_word' id='word_1_144' title='bbox 604 2385 643 2431; x_wconf 90' lang='lat' dir='ltr'>se</span> <span class='ocrx_word' id='word_1_145' title='bbox 661 2359 835 2432; x_wconf 85' lang='lat' dir='ltr'>conserant</span> <span class='ocrx_word' id='word_1_146' title='bbox 852 2359 887 2431; x_wconf 93' lang='lat' dir='ltr'>in</span> <span class='ocrx_word' id='word_1_147' title='bbox 905 2385 982 2432; x_wconf 91' lang='lat' dir='ltr'>eum</span> <span class='ocrx_word' id='word_1_148' title='bbox 1000 2358 1109 2432; x_wconf 91' lang='lat' dir='ltr'>solum</span> <span class='ocrx_word' id='word_1_149' title='bbox 1128 2358 1246 2443; x_wconf 87' lang='lat' dir='ltr'>linem,</span> 
     </span>
     <span class='ocr_line' id='line_1_19' title="bbox 129 2471 1249 2575; baseline 0.001 -30"><span class='ocrx_word' id='word_1_150' title='bbox 129 2486 166 2546; x_wconf 86' lang='lat' dir='ltr'>nt</span> <span class='ocrx_word' id='word_1_151' title='bbox 191 2471 243 2544; x_wconf 86' lang='lat' dir='ltr'>ibi</span> <span class='ocrx_word' id='word_1_152' title='bbox 269 2473 406 2571; x_wconf 88' lang='lat' dir='ltr'>nuptias</span> <span class='ocrx_word' id='word_1_153' title='bbox 425 2472 552 2561; x_wconf 87' lang='lat' dir='ltr'>ineant,</span> <span class='ocrx_word' id='word_1_154' title='bbox 574 2473 814 2572; x_wconf 87' lang='lat' dir='ltr'>praetermissa</span> <span class='ocrx_word' id='word_1_155' title='bbox 831 2473 1004 2548; x_wconf 89' lang='lat' dir='ltr'>tridentini</span> <span class='ocrx_word' id='word_1_156' title='bbox 1022 2474 1148 2561; x_wconf 87' lang='lat' dir='ltr'>lorma,</span> <span class='ocrx_word' id='word_1_157' title='bbox 1169 2472 1249 2575; x_wconf 90' lang='lat' dir='ltr'>quia</span> 
     </span>
     <span class='ocr_line' id='line_1_20' title="bbox 128 2585 1247 2686; baseline -0.001 -25"><span class='ocrx_word' id='word_1_158' title='bbox 128 2585 176 2661; x_wconf 88' lang='lat' dir='ltr'>ibi</span> <span class='ocrx_word' id='word_1_159' title='bbox 193 2586 368 2660; x_wconf 89' lang='lat' dir='ltr'>decretum</span> <span class='ocrx_word' id='word_1_160' title='bbox 391 2589 535 2660; x_wconf 80' lang='lat' dir='ltr'>Tarnetsi</span> <span class='ocrx_word' id='word_1_161' title='bbox 558 2614 626 2661; x_wconf 94' lang='lat' dir='ltr'>non</span> <span class='ocrx_word' id='word_1_162' title='bbox 643 2604 695 2661; x_wconf 90' lang='lat' dir='ltr'>est</span> <span class='ocrx_word' id='word_1_163' title='bbox 712 2585 959 2686; x_wconf 84' lang='lat' dir='ltr'>promulgatum</span> <span class='ocrx_word' id='word_1_164' title='bbox 977 2604 1034 2661; x_wconf 90' lang='lat' dir='ltr'>aut</span> <span class='ocrx_word' id='word_1_165' title='bbox 1056 2604 1247 2686; x_wconf 89' lang='lat' dir='ltr'>acceptum,</span> 
     </span>
     <span class='ocr_line' id='line_1_21' title="bbox 127 2701 1249 2804; baseline -0.002 -28"><span class='ocrx_word' id='word_1_166' title='bbox 127 2701 214 2803; x_wconf 90' lang='lat' dir='ltr'>quin</span> <span class='ocrx_word' id='word_1_167' title='bbox 227 2703 379 2776; x_wconf 88' lang='lat' dir='ltr'>animum</span> <span class='ocrx_word' id='word_1_168' title='bbox 395 2702 542 2776; x_wconf 89' lang='lat' dir='ltr'>habeant</span> <span class='ocrx_word' id='word_1_169' title='bbox 555 2703 752 2804; x_wconf 86' lang='lat' dir='ltr'>acquirendi</span> <span class='ocrx_word' id='word_1_170' title='bbox 764 2705 835 2777; x_wconf 85' lang='lat' dir='ltr'>sivo</span> <span class='ocrx_word' id='word_1_171' title='bbox 846 2703 1056 2777; x_wconf 91' lang='lat' dir='ltr'>domicilium</span> <span class='ocrx_word' id='word_1_172' title='bbox 1068 2705 1138 2778; x_wconf 88' lang='lat' dir='ltr'>sive</span> <span class='ocrx_word' id='word_1_173' title='bbox 1151 2705 1249 2804; x_wconf 89' lang='lat' dir='ltr'>quasi</span> 
     </span>
     <span class='ocr_line' id='line_1_22' title="bbox 129 2816 1250 2919; baseline 0.001 -28"><span class='ocrx_word' id='word_1_174' title='bbox 129 2816 365 2905; x_wconf 88' lang='lat' dir='ltr'>domicilium,</span> <span class='ocrx_word' id='word_1_175' title='bbox 391 2818 522 2919; x_wconf 88' lang='lat' dir='ltr'>absque</span> <span class='ocrx_word' id='word_1_176' title='bbox 546 2818 650 2893; x_wconf 88' lang='lat' dir='ltr'>dubio</span> <span class='ocrx_word' id='word_1_177' title='bbox 675 2846 790 2893; x_wconf 91' lang='lat' dir='ltr'>eorum</span> <span class='ocrx_word' id='word_1_178' title='bbox 816 2820 1021 2894; x_wconf 88' lang='lat' dir='ltr'>connubium</span> <span class='ocrx_word' id='word_1_179' title='bbox 1040 2821 1090 2893; x_wconf 93' lang='lat' dir='ltr'>sic</span> <span class='ocrx_word' id='word_1_180' title='bbox 1108 2820 1250 2894; x_wconf 87' lang='lat' dir='ltr'>celebra·</span> 
     </span>
     <span class='ocr_line' id='line_1_23' title="bbox 130 2932 1251 3037; baseline -0.001 -30"><span class='ocrx_word' id='word_1_181' title='bbox 130 2948 204 3007; x_wconf 87' lang='lat' dir='ltr'>tum</span> <span class='ocrx_word' id='word_1_182' title='bbox 231 2932 363 3006; x_wconf 94' lang='lat' dir='ltr'>nullum</span> <span class='ocrx_word' id='word_1_183' title='bbox 385 2949 438 3006; x_wconf 90' lang='lat' dir='ltr'>est</span> <span class='ocrx_word' id='word_1_184' title='bbox 458 2950 560 3032; x_wconf 89' lang='lat' dir='ltr'>atquc</span> <span class='ocrx_word' id='word_1_185' title='bbox 583 2934 727 3007; x_wconf 90' lang='lat' dir='ltr'>irritum.</span> <span class='ocrx_word' id='word_1_186' title='bbox 752 2935 927 3037; x_wconf 87' lang='lat' dir='ltr'>Siquidem</span> <span class='ocrx_word' id='word_1_187' title='bbox 955 2936 1032 3010; x_wconf 92' lang='lat' dir='ltr'>dolo</span> <span class='ocrx_word' id='word_1_188' title='bbox 1063 2963 1103 3009; x_wconf 89' lang='lat' dir='ltr'>ac</span> <span class='ocrx_word' id='word_1_189' title='bbox 1132 2935 1251 3008; x_wconf 82' lang='lat' dir='ltr'>fraude</span> 
     </span>
     <span class='ocr_line' id='line_1_24' title="bbox 132 3047 1248 3145; baseline -0.001 -26"><span class='ocrx_word' id='word_1_190' title='bbox 132 3047 180 3123; x_wconf 92' lang='lat' dir='ltr'>ita</span> <span class='ocrx_word' id='word_1_191' title='bbox 206 3073 247 3121; x_wconf 89' lang='lat' dir='ltr'>se</span> <span class='ocrx_word' id='word_1_192' title='bbox 269 3074 383 3145; x_wconf 80' lang='lat' dir='ltr'>gerere</span> <span class='ocrx_word' id='word_1_193' title='bbox 404 3048 668 3137; x_wconf 90' lang='lat' dir='ltr'>convincuntur,</span> <span class='ocrx_word' id='word_1_194' title='bbox 698 3048 796 3123; x_wconf 92' lang='lat' dir='ltr'>dolus</span> <span class='ocrx_word' id='word_1_195' title='bbox 819 3067 930 3123; x_wconf 85' lang='lat' dir='ltr'>autem</span> <span class='ocrx_word' id='word_1_196' title='bbox 951 3068 984 3122; x_wconf 91' lang='lat' dir='ltr'>et</span> <span class='ocrx_word' id='word_1_197' title='bbox 1005 3049 1097 3123; x_wconf 88' lang='lat' dir='ltr'>lraus</span> <span class='ocrx_word' id='word_1_198' title='bbox 1123 3049 1248 3122; x_wconf 90' lang='lat' dir='ltr'>nemini</span> 
     </span>
     <span class='ocr_line' id='line_1_25' title="bbox 130 3163 1251 3264; baseline -0.002 -27"><span class='ocrx_word' id='word_1_199' title='bbox 130 3163 260 3237; x_wconf 90' lang='lat' dir='ltr'>debent</span> <span class='ocrx_word' id='word_1_200' title='bbox 284 3163 501 3263; x_wconf 88' lang='lat' dir='ltr'>patrocinari.</span> <span class='ocrx_word' id='word_1_201' title='bbox 523 3164 584 3238; x_wconf 81' lang='lat' dir='ltr'>Ast</span> <span class='ocrx_word' id='word_1_202' title='bbox 607 3169 637 3237; x_wconf 93' lang='lat' dir='ltr'>si</span> <span class='ocrx_word' id='word_1_203' title='bbox 659 3180 791 3264; x_wconf 84' lang='lat' dir='ltr'>practer</span> <span class='ocrx_word' id='word_1_204' title='bbox 821 3166 908 3237; x_wconf 90' lang='lat' dir='ltr'>hanc</span> <span class='ocrx_word' id='word_1_205' title='bbox 934 3165 1138 3239; x_wconf 83' lang='lat' dir='ltr'>voluntatem</span> <span class='ocrx_word' id='word_1_206' title='bbox 1164 3164 1251 3237; x_wconf 89' lang='lat' dir='ltr'>eele-</span> 
     </span>
     <span class='ocr_line' id='line_1_26' title="bbox 130 3278 1253 3380; baseline -0.003 -26"><span class='ocrx_word' id='word_1_207' title='bbox 130 3278 256 3354; x_wconf 82' lang='lat' dir='ltr'>ltrandi</span> <span class='ocrx_word' id='word_1_208' title='bbox 275 3280 469 3377; x_wconf 83' lang='lat' dir='ltr'>coniugium</span> <span class='ocrx_word' id='word_1_209' title='bbox 487 3279 545 3352; x_wconf 85' lang='lat' dir='ltr'>uhi</span> <span class='ocrx_word' id='word_1_210' title='bbox 564 3307 631 3353; x_wconf 87' lang='lat' dir='ltr'>non</span> <span class='ocrx_word' id='word_1_211' title='bbox 648 3297 699 3354; x_wconf 88' lang='lat' dir='ltr'>est</span> <span class='ocrx_word' id='word_1_212' title='bbox 717 3297 887 3380; x_wconf 88' lang='lat' dir='ltr'>receptum</span> <span class='ocrx_word' id='word_1_213' title='bbox 904 3280 1120 3354; x_wconf 90' lang='lat' dir='ltr'>tridentinum</span> <span class='ocrx_word' id='word_1_214' title='bbox 1137 3278 1253 3351; x_wconf 88' lang='lat' dir='ltr'>decre-</span> 
     </span>
     <span class='ocr_line' id='line_1_27' title="bbox 132 3395 1251 3497; baseline -0.004 -26"><span class='ocrx_word' id='word_1_215' title='bbox 132 3413 226 3484; x_wconf 90' lang='lat' dir='ltr'>tum,</span> <span class='ocrx_word' id='word_1_216' title='bbox 254 3395 405 3469; x_wconf 91' lang='lat' dir='ltr'>animum</span> <span class='ocrx_word' id='word_1_217' title='bbox 428 3396 662 3472; x_wconf 89' lang='lat' dir='ltr'>contrahentes</span> <span class='ocrx_word' id='word_1_218' title='bbox 689 3397 919 3497; x_wconf 79' lang='lat' dir='ltr'>praeseferant</span> <span class='ocrx_word' id='word_1_219' title='bbox 935 3395 1005 3468; x_wconf 88' lang='lat' dir='ltr'>illic</span> <span class='ocrx_word' id='word_1_220' title='bbox 1022 3395 1251 3470; x_wconf 88' lang='lat' dir='ltr'>commorandi</span> 
     </span>
     <span class='ocr_line' id='line_1_28' title="bbox 130 3511 1248 3611; baseline -0.003 -24"><span class='ocrx_word' id='word_1_221' title='bbox 130 3537 306 3611; x_wconf 82' lang='lat' dir='ltr'>suumque</span> <span class='ocrx_word' id='word_1_222' title='bbox 334 3512 532 3611; x_wconf 85' lang='lat' dir='ltr'>acquirendi</span> <span class='ocrx_word' id='word_1_223' title='bbox 566 3513 794 3600; x_wconf 88' lang='lat' dir='ltr'>domicilium,</span> <span class='ocrx_word' id='word_1_224' title='bbox 829 3513 945 3586; x_wconf 89' lang='lat' dir='ltr'>lraudc</span> <span class='ocrx_word' id='word_1_225' title='bbox 983 3539 1049 3586; x_wconf 92' lang='lat' dir='ltr'>non</span> <span class='ocrx_word' id='word_1_226' title='bbox 1079 3511 1248 3598; x_wconf 85' lang='lat' dir='ltr'>obstante,</span> 
     </span>
     <span class='ocr_line' id='line_1_29' title="bbox 130 3626 986 3725; baseline -0.002 -26"><span class='ocrx_word' id='word_1_227' title='bbox 130 3626 270 3701; x_wconf 89' lang='lat' dir='ltr'>illorum</span> <span class='ocrx_word' id='word_1_228' title='bbox 296 3628 489 3725; x_wconf 81' lang='lat' dir='ltr'>coniugium</span> <span class='ocrx_word' id='word_1_229' title='bbox 513 3627 663 3702; x_wconf 86' lang='lat' dir='ltr'>validum</span> <span class='ocrx_word' id='word_1_230' title='bbox 685 3629 747 3701; x_wconf 88' lang='lat' dir='ltr'>erit</span> <span class='ocrx_word' id='word_1_231' title='bbox 769 3628 986 3701; x_wconf 88' lang='lat' dir='ltr'>censendum.</span> 
     </span>
    </p>

    <p class='ocr_par' dir='ltr' id='par_1_4' title="bbox 131 3743 1253 4072">
     <span class='ocr_line' id='line_1_30' title="bbox 206 3743 1253 3844; baseline 0.002 -30"><span class='ocrx_word' id='word_1_232' title='bbox 206 3744 252 3814; x_wconf 87' lang='lat' dir='ltr'>Et</span> <span class='ocrx_word' id='word_1_233' title='bbox 276 3749 389 3841; x_wconf 90' lang='lat' dir='ltr'>reipsa</span> <span class='ocrx_word' id='word_1_234' title='bbox 411 3743 565 3817; x_wconf 89' lang='lat' dir='ltr'>Urbanus</span> <span class='ocrx_word' id='word_1_235' title='bbox 591 3745 676 3815; x_wconf 87' lang='lat' dir='ltr'>Vlll.</span> <span class='ocrx_word' id='word_1_236' title='bbox 700 3745 772 3818; x_wconf 91' lang='lat' dir='ltr'>suis</span> <span class='ocrx_word' id='word_1_237' title='bbox 798 3744 992 3844; x_wconf 88' lang='lat' dir='ltr'>apostolicis</span> <span class='ocrx_word' id='word_1_238' title='bbox 1018 3744 1136 3817; x_wconf 88' lang='lat' dir='ltr'>litteris</span> <span class='ocrx_word' id='word_1_239' title='bbox 1163 3744 1253 3818; x_wconf 90' lang='lat' dir='ltr'>inse-</span> 
     </span>
     <span class='ocr_line' id='line_1_31' title="bbox 131 3856 1253 3958; baseline -0.001 -27"><span class='ocrx_word' id='word_1_240' title='bbox 131 3873 280 3958; x_wconf 88' lang='lat' dir='ltr'>quentes</span> <span class='ocrx_word' id='word_1_241' title='bbox 299 3883 369 3929; x_wconf 89' lang='lat' dir='ltr'>sac.</span> <span class='ocrx_word' id='word_1_242' title='bbox 388 3856 523 3931; x_wconf 90' lang='lat' dir='ltr'>concilii</span> <span class='ocrx_word' id='word_1_243' title='bbox 542 3858 810 3956; x_wconf 81' lang='lat' dir='ltr'>congregationis</span> <span class='ocrx_word' id='word_1_244' title='bbox 833 3859 1017 3931; x_wconf 86' lang='lat' dir='ltr'>sententias</span> <span class='ocrx_word' id='word_1_245' title='bbox 1036 3859 1092 3932; x_wconf 88' lang='lat' dir='ltr'>die</span> <span class='ocrx_word' id='word_1_246' title='bbox 1111 3860 1168 3929; x_wconf 81' lang='lat' dir='ltr'>ll.</span> <span class='ocrx_word' id='word_1_247' title='bbox 1186 3858 1253 3930; x_wconf 79' lang='lat' dir='ltr'>Au·</span> 
     </span>
     <span class='ocr_line' id='line_1_32' title="bbox 131 3973 1249 4072; baseline -0.002 -26"><span class='ocrx_word' id='word_1_248' title='bbox 131 3973 225 4072; x_wconf 75' lang='lat' dir='ltr'>gusti</span> <span class='ocrx_word' id='word_1_249' title='bbox 242 3973 353 4044; x_wconf 76' lang='lat' dir='ltr'>lota.</span> <span class='ocrx_word' id='word_1_250' title='bbox 371 3973 603 4047; x_wconf 88' lang='lat' dir='ltr'>confirmavit:</span> <span class='ocrx_word' id='word_1_251' title='bbox 624 3975 764 4047; x_wconf 81' lang='lat' dir='ltr'>«Primo</span> <span class='ocrx_word' id='word_1_252' title='bbox 779 4003 785 4043; x_wconf 90' lang='lat'><strong>:</strong></span> <span class='ocrx_word' id='word_1_253' title='bbox 803 3974 989 4048; x_wconf 81' lang='lat' dir='ltr'>aninsolae</span> <span class='ocrx_word' id='word_1_254' title='bbox 1007 3991 1073 4048; x_wconf 88' lang='lat' dir='ltr'>tarn</span> <span class='ocrx_word' id='word_1_255' title='bbox 1092 3973 1249 4057; x_wconf 89' lang='lat' dir='ltr'>masculi,</span> 
     </span>
    </p>
   </div>
   <div class='ocr_carea' id='block_1_3' title="bbox 208 4171 1252 4262">
    <p class='ocr_par' dir='ltr' id='par_1_5' title="bbox 208 4171 1252 4262">
     <span class='ocr_line' id='line_1_33' title="bbox 208 4171 1252 4262; baseline -0.003 -14"><span class='ocrx_word' id='word_1_256' title='bbox 208 4197 277 4260; x_wconf 83' lang='grc'>(176)</span> <span class='ocrx_word' id='word_1_257' title='bbox 293 4195 333 4246; x_wconf 83' lang='lat' dir='ltr'>ct.</span> <span class='ocrx_word' id='word_1_258' title='bbox 346 4198 487 4259; x_wconf 67' lang='lat' dir='ltr'>fagnanum</span> <span class='ocrx_word' id='word_1_259' title='bbox 503 4196 529 4246; x_wconf 91' lang='lat' dir='ltr'>in</span> <span class='ocrx_word' id='word_1_260' title='bbox 543 4209 597 4247; x_wconf 83' lang='lat' dir='ltr'>ean.</span> <span class='ocrx_word' id='word_1_261' title='bbox 612 4195 774 4261; x_wconf 72' lang='lat' dir='ltr'>siqntficnott</span> <span class='ocrx_word' id='word_1_262' title='bbox 792 4209 817 4246; x_wconf 94' lang='lat' dir='ltr'>n.</span> <span class='ocrx_word' id='word_1_263' title='bbox 836 4202 873 4248; x_wconf 81' lang='lat' dir='ltr'>ta.</span> <span class='ocrx_word' id='word_1_264' title='bbox 893 4195 917 4245; x_wconf 85' lang='lat' dir='ltr'>ln</span> <span class='ocrx_word' id='word_1_265' title='bbox 935 4203 954 4247; x_wconf 89' lang='lat'>1.</span> <span class='ocrx_word' id='word_1_266' title='bbox 965 4196 1027 4262; x_wconf 84' lang='lat' dir='ltr'>part.</span> <span class='ocrx_word' id='word_1_267' title='bbox 1047 4196 1114 4248; x_wconf 82' lang='lat' dir='ltr'>tertii</span> <span class='ocrx_word' id='word_1_268' title='bbox 1131 4171 1252 4247; x_wconf 61' lang='lat' dir='ltr'>decutet.</span> 
     </span>
    </p>
   </div>
   <div class='ocr_carea' id='block_1_4' title="bbox 132 4283 1001 4435">
    <p class='ocr_par' dir='ltr' id='par_1_6' title="bbox 132 4283 1001 4435">
     <span class='ocr_line' id='line_1_34' title="bbox 132 4283 1001 4435; baseline -0.003 -26"><span class='ocrx_word' id='word_1_269' title='bbox 132 4291 189 4342; x_wconf 35' lang='lat' dir='ltr'>m·</span> <span class='ocrx_word' id='word_1_270' title='bbox 205 4283 278 4422; x_wconf 65' lang='lat' dir='ltr'>llll)</span> <span class='ocrx_word' id='word_1_271' title='bbox 295 4358 325 4425; x_wconf 83' lang='lat' dir='ltr'>ln</span> <span class='ocrx_word' id='word_1_272' title='bbox 343 4369 419 4410; x_wconf 70' lang='lat' dir='ltr'>musa</span> <span class='ocrx_word' id='word_1_273' title='bbox 435 4358 553 4409; x_wconf 75' lang='lat' dir='ltr'>Muttito.</span> <span class='ocrx_word' id='word_1_274' title='bbox 566 4359 653 4425; x_wconf 70' lang='lat' dir='ltr'>ceter.</span> <span class='ocrx_word' id='word_1_275' title='bbox 669 4357 708 4409; x_wconf 81' lang='lat' dir='ltr'>dte</span> <span class='ocrx_word' id='word_1_276' title='bbox 720 4364 759 4409; x_wconf 77' lang='lat'>22.</span> <span class='ocrx_word' id='word_1_277' title='bbox 772 4356 842 4408; x_wconf 81' lang='lat' dir='ltr'>Febr.</span> <span class='ocrx_word' id='word_1_278' title='bbox 855 4361 923 4408; x_wconf 78' lang='lat' dir='ltr'>tttt.</span> <span class='ocrx_word' id='word_1_279' title='bbox 998 4428 1001 4435; x_wconf 91' lang='lat'>.</span> 
     </span>
    </p>
   </div>
   <div class='ocr_carea' id='block_1_5' title="bbox 0 0 1410 5062">
    <p class='ocr_par' dir='ltr' id='par_1_7' title="bbox 0 0 1410 5062">
     <span class='ocr_line' id='line_1_35' title="bbox 0 0 1410 5062; baseline 0 0"><span class='ocrx_word' id='word_1_280' title='bbox 0 0 1410 5062; x_wconf 95' lang='lat' dir='ltr'> </span> 
     </span>
    </p>
   </div>
  </div>
 </body>
</html>
