2804 5062
196 378 1074 436 ctr.ru.nnscct,rorns.snnsa.unrarnnsnnnrn.
1122 357 1189 432 ttt

111 514 153 574 rto
181 500 442 600 impedimento,
475 526 543 600 quo
569 499 707 573 uitiatus
732 514 803 574 erat
832 525 1037 589 eonsensus3
1070 500 1128 576 hin
1155 527 1195 576 eo

111 640 160 689 rso
194 613 357 713 producet
385 613 522 688 effectus
550 638 668 687 omnes
702 638 788 712 quos
818 613 1032 713 produxisset
1059 614 1091 688 si
1120 615 1196 688 nul-

111 754 154 803 rm
176 728 465 829 impedimentum
481 730 663 816 extitisset,
690 728 881 802 cuiusmodi
904 744 983 803 sunt
998 755 1098 804 uerus
1116 754 1194 803 oon·

111 861 208 918 actus
233 843 446 942 coniugalis,
469 860 738 932 sacramentum,
766 842 960 942 legitimitas
981 845 1086 945 prolis
1112 844 1195 919 alin-

111 984 155 1033 ae
181 960 318 1046 omnia,
354 985 443 1060 quae
475 959 660 1059 legitimum
694 985 896 1034 consensum
930 976 1192 1060 consequuntur.

112 1074 251 1147 imirum
276 1101 338 1174 per
362 1075 530 1150 fictionem
560 1075 644 1149 iuris
672 1074 817 1149 eeclesia
847 1075 1123 1174 impedimentum
1148 1076 1195 1150 ita

111 1188 195 1277 tuit,
230 1206 270 1263 ut
298 1189 382 1262 illud
413 1190 593 1264 sustulisse
624 1189 659 1260 in
691 1204 767 1263 actu
799 1190 875 1290 ipso
909 1189 978 1263 dati
1010 1215 1197 1265 consensus

111 1320 275 1394 meatum
296 1305 450 1406 adeoque
475 1305 637 1406 physicus
663 1303 720 1377 ille
743 1330 929 1379 consensus
954 1331 1012 1380 eos
1030 1306 1120 1404 parit
1145 1305 1195 1380 ol-

111 1437 186 1496 ctus
217 1447 305 1521 quos
334 1421 411 1496 ideo
444 1436 571 1496 tantum
598 1447 718 1521 parere
745 1446 812 1494 non
842 1434 986 1519 poterat,
1014 1420 1097 1522 quia
1121 1447 1195 1495 mo

111 1534 196 1611 iliter
226 1535 340 1611 nullus
366 1562 406 1612 ao
439 1535 554 1611 irritus
580 1552 652 1611 erat
682 1536 725 1611 ob
760 1535 1026 1611 ecclesiasticum
1056 1536 1196 1636 impedi·

111 1658 243 1727 antnm.
458 1642 460 1644 ’

149 1764 221 1839 Atii
238 1791 310 1839 rem
327 1766 393 1840 sibi
411 1766 568 1841 videntur
583 1765 705 1867 melius
722 1765 890 1867 explicare
910 1791 986 1839 cum
1003 1765 1120 1838 dicunt
1136 1790 1191 1839 eo·

111 1877 224 1954 loeiam
250 1878 493 1979 impedimenta
514 1879 651 1980 quidem
680 1879 922 1966 constituisse,
949 1877 1010 1952 sed
1036 1903 1103 1952 non
1124 1903 1197 1951 om-

111 1994 163 2069 ino
180 1993 340 2069 absolute
364 2020 405 2069 ao
429 2021 489 2094 pro
515 1994 636 2094 quouis
653 2020 760 2082 casu,
788 1992 849 2067 sed
875 1992 940 2067 sibi
962 1991 1125 2066 iudicium
1143 2013 1196 2066 re·

111 2133 239 2186 masse
256 2109 301 2183 de
317 2110 588 2184 extraordinariis
604 2108 809 2210 quibusdam
827 2134 937 2181 rerum
955 2107 1139 2195 adiunctis,
1161 2108 1196 2180 in

111 2223 210 2300 uibus
237 2251 279 2298 ea
305 2225 544 2325 impedimenta
568 2250 635 2299 non
660 2225 793 2313 obsint,
809 2224 991 2323 quominus
1009 2248 1195 2297 consensus

111 2365 164 2416 uos
189 2339 332 2415 effectus
353 2339 526 2441 producat.
555 2342 594 2413 ln
611 2340 676 2416 hac
693 2340 859 2415 sententia
880 2339 1013 2438 concipi
1037 2337 1196 2413 deberent

111 2454 249 2530 iusmodi
276 2454 515 2556 impedimenta
535 2454 782 2556 quodammodo
807 2454 909 2528 alicui
934 2452 1118 2528 conditioni
1142 2451 1195 2528 vel

111 2570 325 2657 narrationi,
346 2596 407 2643 sen
431 2570 616 2670 exceptioni
643 2567 788 2644 obnoxia
811 2595 852 2642 ex
873 2569 949 2668 ipsa
970 2583 1081 2641 mente
1098 2565 1197 2664 legis·

111 2685 212 2759 toris.
241 2685 281 2759 ld
308 2684 381 2758 lieri
403 2710 505 2784 posse
529 2712 550 2758 a
575 2685 719 2786 sapienti
737 2683 926 2781 legislatore
950 2682 1035 2758 ratio
1057 2682 1192 2770 eunden

111 2799 124 2873 l
145 2826 227 2876 tero
252 2801 377 2874 lactum
403 2799 447 2873 ab
472 2800 614 2875 ecclesia
637 2800 743 2875 luisse
769 2814 964 2896 argumento
988 2823 1064 2872 esse
1089 2814 1197 2897 potest

111 2941 161 3015 psa
187 2915 354 2991 eeclesiae
378 2915 500 3014 agendi
527 2916 637 3004 ratio,
665 2941 753 3015 quae
777 2913 989 2989 matrimonia
1021 2912 1192 2999 sanando,

111 3032 236 3107 scierit
257 3032 294 3104 in
320 3030 363 3106 iis
386 3029 522 3106 casibus
548 3030 821 3131 impedimentum
852 3055 918 3104 non
942 3028 1093 3104 obfuisse
1117 3051 1197 3126 quo

111 3145 195 3222 inus
217 3171 405 3222 consensus
428 3172 508 3220 suos
525 3145 663 3219 effectus
681 3144 831 3218 haberet.

152 3262 349 3337 Notandum
370 3279 469 3360 porro
487 3261 563 3334 heic
586 3276 658 3348 est,
680 3260 771 3361 quod
797 3285 873 3333 oum
891 3256 1034 3331 ecclesia
1059 3252 1196 3355 aliquod

111 3377 337 3455 atrimonium
354 3394 451 3452 sanat
475 3377 509 3449 in
530 3377 660 3465 radice,
681 3402 748 3450 non
769 3375 869 3448 modo
893 3372 1039 3444 declarat
1057 3395 1198 3444 consen·

111 3520 160 3568 nm
184 3491 340 3568 validum
365 3491 492 3579 luisse,
520 3491 619 3591 quasi
646 3489 775 3563 nullum
807 3501 981 3561 censeatur
1005 3484 1110 3559 luisse
1135 3485 1198 3559 im·

111 3608 336 3696 adimantum,
353 3607 413 3681 sed
432 3607 566 3707 proprie
591 3632 688 3680 suam
713 3619 843 3679 exercet
865 3603 1113 3690 auctoritatem,
1137 3625 1197 3676 seu

111 3741 195 3802 aum
214 3724 479 3811 iurisdictionis,
500 3748 569 3823 quo
582 3740 752 3822 umquam
771 3719 955 3818 legislatrix
972 3718 1120 3793 decernit
1137 3742 1197 3815 pro

111 3840 163 3916 dis
187 3839 422 3940 impedimenti
443 3865 525 3913 casu
542 3838 647 3937 legem
671 3864 738 3911 non
764 3835 898 3910 obstare
922 3832 1114 3909 consensui.
1136 3831 1198 3903 Pn-

111 3982 160 4030 nm
176 3981 259 4031 vero
272 3954 373 4029 relert
385 3954 459 4029 sive
476 3956 607 4029 dicatur
621 3954 655 4029 id
669 3953 800 4028 efficere
816 3951 993 4026 ecclesiam
1011 3975 1070 4050 per
1087 3963 1197 4022 actum

111 4072 347 4158 canentium,
375 4097 476 4171 quem
501 4086 644 4159 vocant,
668 4071 740 4145 siva
765 4095 825 4169 per
853 4083 964 4141 actum
989 4081 1198 4165 praesentem

111 4188 222 4287 nipsa
233 4188 384 4286 coniugii
406 4187 640 4262 celebratione.
663 4188 754 4260 llaec
770 4200 881 4258 autem
894 4181 978 4257 ratio
995 4178 1197 4282 explanandi
1255 4218 1260 4226 «

111 4305 298 4381 mationem
327 4303 531 4383 matrimonii
558 4304 593 4378 in
622 4302 736 4379 radice
759 4300 890 4402 plenior
920 4298 1018 4379 nobis
1041 4297 1196 4383 uidetur,

173 4446 198 4503 ll
1103 4445 1133 4496 tt
