2804 5062
144 352 211 424 ffb
383 371 443 423 ura.
465 371 499 422 u.
521 369 607 421 sacr.
629 372 651 421 r.
673 365 712 420 ua
731 366 855 420 rorrsr.
878 366 1003 420 accurs.

144 492 318 592 pontifices
336 519 375 565 ea
397 491 554 565 facultate
579 492 613 562 in
637 490 734 563 cuius
757 489 898 587 pacifica
921 489 1142 588 possessione
1167 489 1252 563 iam·

142 609 267 682 dudum
288 625 366 682 sunt
386 608 564 708 episcopos
583 606 714 705 privare
732 622 902 704 nequeunt
926 607 1014 701 (tt).
1044 605 1149 680 bfulto
1174 630 1252 680 vero

141 723 251 820 magis
277 723 312 793 id
336 723 514 795 adstruunt
537 720 646 820 quoad
673 719 771 792 sedes
799 719 966 792 recentius
990 736 1143 807 erectas,
1170 718 1252 820 qnia

142 862 294 909 summus
328 835 476 934 pontifex
508 862 573 908 non
609 834 715 934 potuit
746 849 860 907 contra
893 832 970 906 illas
1001 835 1251 934 praescribere,

142 950 331 1022 cuiusmodi
357 950 419 1023 fuit
435 949 533 1023 sedes
555 948 766 1033 nanciensis,
787 974 875 1047 quae
894 966 1002 1021 erecta
1020 974 1087 1023 nou
1110 966 1163 1024 est
1185 946 1252 1023 nial

142 1091 231 1138 anno
249 1066 355 1136 l'l'l'l.
381 1068 469 1161 (tt).
1192 1061 1196 1067 ⁶

212 1178 332 1251 Verum
356 1196 389 1252 et
418 1178 482 1254 boc
509 1179 711 1278 principium
744 1177 874 1250 admitti
906 1178 1044 1276 nequit3
1077 1179 1249 1279 siquidem

142 1294 307 1367 eiusmodi
328 1294 545 1394 praescriptio
570 1294 680 1393 quoad
705 1303 882 1392 episcopos
899 1292 1081 1366 universim
1100 1311 1252 1393 sumptos

144 1432 325 1506 numquam
349 1408 479 1505 viguit;
501 1435 577 1481 nam
602 1435 641 1481 ex
663 1407 862 1481 certissimis
888 1406 1098 1480 documentis
1121 1422 1252 1484 constat

142 1521 321 1621 episcopos
345 1550 385 1596 ex
407 1523 566 1597 universo
591 1523 672 1597 orbe
696 1521 862 1596 catholico
887 1521 1176 1620 adapostolicam
1202 1548 1252 1597 ee

142 1638 219 1710 dem
236 1639 449 1736 confugisse,
473 1656 509 1713 ut
522 1637 711 1713 facultatem
730 1637 918 1712 obtinerent
941 1637 1044 1710 dandi
1060 1637 1194 1712 veniam
1210 1638 1252 1713 ad

142 1751 341 1827 celebranda
367 1754 522 1851 coniugia
547 1754 659 1855 aliquo
686 1753 821 1851 praevio
846 1753 1085 1852 impedimento
1110 1752 1249 1828 irretita.

94 1872 102 1887 '
143 1868 240 1955 Quod
266 1869 295 1943 si
322 1868 426 1969 aliqui
452 1869 604 1968 episcopi
629 1868 763 1954 furtim,
792 1867 893 1941 atita
917 1867 1051 1954 dicam,
1073 1867 1163 1942 banc
1188 1866 1252 1942 sibi

144 1999 340 2083 potestatem
364 1984 602 2070 vindicarunt,
619 1985 732 2058 statim
751 1983 851 2057 acad
870 1983 1020 2057 notitiam
1039 2008 1252 2058 romanorum

137 2098 337 2198 pontificum
356 2085 414 2172 illa
430 2100 550 2197 agendi
578 2100 662 2173 ratio
687 2099 851 2200 pervenit,
873 2098 937 2172 fuit
960 2098 1162 2197 improbata.
1192 2099 1252 2176 Λο·

142 2213 255 2300 cedit,
291 2214 382 2314 quod
412 2215 606 2303 substrata,
634 2241 735 2316 quam
765 2232 910 2303 vocant,
943 2214 1083 2288 materia
1116 2215 1252 2292 minime

143 2330 439 2430 praescriptionem
467 2332 637 2431 patiatur,
666 2347 704 2404 ut
734 2330 823 2405 enim
853 2328 1089 2403 animadvertit
1118 2328 1252 2404 Benedi-

142 2459 217 2516 ctus
230 2444 337 2530 xlv,
359 2446 388 2516 si
410 2470 470 2543 per
492 2473 566 2519 eam
585 2445 888 2530 consuetudinem,
914 2443 943 2516 si
970 2469 1037 2543 qua
1059 2443 1250 2533 inoleverit,

143 2556 367 2654 dr'srumpotur
385 2558 489 2631 nodus
506 2561 738 2633 ecclesiasticae
757 2558 971 2656 disciplinae,
993 2584 1177 2658 numquam
1195 2558 1252 2633 ad·

142 2697 259 2744 versus
274 2672 380 2768 legem
395 2675 645 2771 praescribitur,
656 2689 755 2774 prout
768 2674 953 2747 declaravit
965 2675 1249 2748 innocentiuslll.

143 2783 178 2855 in
201 2811 277 2884 oap.
305 2788 387 2858 Cum
408 2791 511 2872 iuter,
540 2789 578 2860 de
601 2817 740 2862 consecr.
768 2792 868 2863 Porro
885 2788 943 2862 tali
962 2789 1052 2862 inlici
1075 2789 1158 2863 vitio
1179 2815 1252 2863 mm

142 2901 418 2974 consuetudinem
444 2903 500 2977 bis
520 2904 631 2977 verbis
650 2905 806 3003 patefecit
829 2903 1050 2977 Cabassutius
1071 2905 1115 2977 de
1140 2923 1252 2980 aucto-

144 3015 239 3088 ritate
262 3014 404 3115 loquens
421 3017 666 3117 dispensandi,
687 3044 789 3116 quam
808 3018 873 3092 sibi
893 3017 1043 3090 nonnulli
1066 3019 1252 3115 gallicanae

143 3129 304 3204 eeclesiae
333 3132 505 3231 praesules
535 3134 772 3207 vindicabant:
806 3134 892 3219 «Si,
922 3133 956 3205 in
983 3135 1177 3233 oppositum
1202 3160 1252 3209 re·

143 3245 366 3320 clamantibus
390 3249 542 3322 conciliis
558 3249 808 3335 oecumenicis,
842 3275 929 3348 quae
947 3248 1034 3322 banc
1055 3266 1252 3349 potestatem

142 3363 200 3434 uni
219 3390 348 3437 summo
370 3366 532 3463 pontifici,
552 3365 727 3464 legatoque
745 3363 937 3452 reservant,
959 3366 1024 3437 sibi
1047 3367 1163 3440 ausint
1179 3368 1252 3439 vin·

142 3478 255 3551 dicare
280 3478 436 3575 gallicani
463 3481 595 3554 ducenti
623 3482 755 3554 circiter
780 3498 812 3554 et
836 3481 1060 3580 quadraginta
1093 3482 1252 3556 nimirum

206 3685 260 3748 (st)
276 3687 312 3735 tta
329 3685 429 3749 quidem
447 3687 629 3750 pseudonymus
648 3687 756 3737 Arrianus
773 3688 882 3751 Elipfrius
899 3689 923 3737 tn
940 3688 1022 3738 litrolto
1040 3688 1175 3752 inscripto:
1191 3691 1252 3739 Gon·

141 3763 232 3813 corato
247 3768 313 3815 turis
334 3768 453 3815 cattorrtct
467 3765 627 3816 cumedtctr's
645 3769 852 3828 remarcuerunt
864 3769 993 3815 remittes
1009 3769 1138 3816 emertctts
1154 3770 1181 3817 tn
1198 3781 1251 3817 rna·

144 3846 211 3893 terto
219 3843 442 3908 dbpensattouum
452 3858 531 3908 super
544 3845 734 3908 tmperftmenttt
749 3849 910 3894 matrimorttt
921 3845 957 3896 od
968 3859 1025 3895 usu.
1037 3849 1194 3907 nunqnam
1202 3847 1252 3898 cle·

143 3924 378 3975 romvtnaouonee
392 3929 458 3975 ¹781.
470 3927 529 3975 ltem
540 3925 628 3975 collat.
643 3924 839 3989 andegavenop.
848 3926 981 3989 stupeat.
994 3926 1252 3979 attuatebetttcem

144 4005 204 4051 tom.
218 4004 236 4052 1.
250 4017 274 4065 p.
288 4008 342 4055 lut.
358 4004 466 4055 Cfratfuel
483 4003 514 4054 de
536 4006 560 4054 ta
580 4005 711 4055 Neroniere
725 4008 756 4055 tr.
773 4009 815 4055 Ito
826 4009 943 4056 Petronii·
961 4005 1005 4054 der
1019 4007 1135 4069 Eudonos
1150 4020 1201 4057 sur
1215 4005 1252 4057 us

142 4080 345 4143 cmpdcftemorrts
360 4081 398 4132 du
412 4086 529 4146 mertuos
543 4096 613 4146 ports·
624 4086 709 4133 servir
724 4083 757 4133 de
770 4084 935 4147 supplement
946 4084 963 4134 ὰ
975 4084 1003 4133 ta
1018 4083 1141 4134 rrcrreetle
1154 4085 1196 4134 ed.
1208 4084 1252 4135 det

141 4158 211 4220 coras.
224 4159 348 4223 d'Auoert
366 4167 434 4214 1782.
456 4163 499 4226 qui
513 4166 637 4213 coarctant
656 4175 710 4213 eam
731 4164 762 4214 ad
780 4164 836 4214 iffos
849 4165 976 4228 episcopos
997 4178 1070 4228 penes
1088 4178 1153 4228 quos
1173 4176 1251 4229 pera·

142 4239 237 4289 veravft
259 4240 359 4303 antiqua
375 4242 535 4292 musnetudo.

211 4321 259 4381 (ot)
276 4323 310 4370 tta
329 4320 436 4384 Tteotop
461 4325 609 4376 nonnemo
624 4336 678 4398 pag,
697 4331 749 4373 auo.
