2804 5062
237 354 307 429 m
462 376 524 428 us.
546 376 581 427 rr.
604 376 694 428 seor.
718 376 740 427 r.
762 376 803 427 ns
828 376 955 428 rorrsr.
977 376 1104 429 roccus

235 501 371 572 mirum:
392 497 610 605 «Quoniam,
631 523 707 571 cum
725 496 905 596 coniugum
923 496 1022 588 alter,
1044 512 1117 571 tarn
1135 497 1272 571 ratione
1296 497 1355 572 loci

237 617 271 689 in
289 642 357 716 quo
374 614 519 703 habitat,
540 632 611 689 tum
629 615 757 689 ratione
775 614 963 704 societatis,
985 616 1020 688 in
1037 642 1108 716 qua
1124 614 1232 702 vivit,
1249 640 1356 689 exem·

236 746 314 832 ptus
332 732 377 805 sit
394 757 414 804 a
431 729 631 804 tridentinae
644 731 766 832 synodi
784 729 877 829 log03
898 731 1083 832 exemptio,
1099 756 1171 831 qua
1185 730 1266 831 ipse
1280 730 1354 803 lrui·

237 862 310 936 tur,
340 846 434 921 alteri
462 846 548 946 parti
575 847 822 920 communicata
847 863 1015 935 remanet,
1046 861 1185 946 propter
1215 845 1356 920 induite·

239 979 301 1036 tem
326 977 534 1047 contrectes,
562 961 596 1036 vi
615 962 731 1051 cuius,
752 963 938 1063 exemptio,
958 989 1047 1064 quae
1062 962 1122 1036 uni
1141 988 1184 1036 ex
1208 962 1355 1062 partibus

239 1077 414 1177 competit,
436 1077 479 1150 ad
497 1075 653 1165 alteram,
671 1077 857 1151 secundum
875 1077 977 1150 ctiam
990 1076 1108 1152 civiles
1120 1075 1237 1176 leges,
1254 1094 1354 1152 exten

238 1193 346 1280 ditur,
367 1190 545 1294 eidemque
569 1193 1007 1289 communicatur,(169).»

312 1309 355 1381 Et
372 1308 456 1382 baec
474 1308 517 1380 de
534 1308 711 1409 principiis
729 1306 944 1407 generalibus
962 1333 1051 1409 quae
1068 1333 1109 1382 ex
1131 1307 1350 1408 publicatione

239 1423 311 1497 sire
336 1422 460 1496 decreti
486 1421 676 1511 tridentini,
706 1421 778 1496 sive
794 1420 1040 1497 Declarationis
1068 1422 1247 1497 Benedicti
1271 1423 1345 1510 xm

240 1555 452 1639 sequuntur;
488 1564 566 1611 nam
598 1537 688 1639 quod
724 1553 854 1639 spectat
886 1537 929 1611 ad
964 1536 1147 1613 nonnullas
1174 1536 1347 1639 peculiares

240 1655 456 1755 quaestiones
485 1654 528 1729 de
553 1653 777 1729 matrimoniis
809 1652 1030 1728 clandestinis
1060 1678 1152 1754 quae
1185 1653 1346 1728 cumillis

240 1786 500 1858 connectuntur,
529 1771 572 1844 de
596 1769 652 1844 bis
678 1795 817 1868 agemus
843 1771 877 1843 in
903 1769 1045 1844 articulo
1069 1769 1279 1871 insequenti.

676 2018 885 2077 AllTlCULUS
904 2020 937 2073 V.

252 2185 444 2259 Quaestiones
464 2184 624 2244 nonnullae
644 2183 807 2243 enodantur
827 2181 916 2243 reate
929 2181 969 2242 ad
984 2176 1234 2258 impedimentum
1246 2178 1343 2242 dende

318 2283 458 2343 stinltutls
473 2283 503 2340 in
518 2281 714 2342 Matrimonlis
736 2281 799 2340 sive
818 2278 1056 2355 catholicorum,
1075 2278 1141 2338 slve
1161 2278 1285 2355 mlxtls,
1297 2279 1344 2339 slre

316 2380 539 2441 haereticorum.
612 2449 616 2455 ᾗ

316 2563 427 2649 Quum
453 2563 551 2637 nobis
578 2563 786 2663 propositum
804 2562 904 2634 luerit
921 2560 1060 2633 difficile
1079 2560 1145 2633 hoo
1162 2560 1208 2635 de
1227 2557 1348 2660 impedi·

243 2695 355 2752 mento
373 2678 653 2752 clandestinitatis
671 2694 919 2776 argumentum,
932 2676 1043 2777 quoad
1058 2676 1133 2750 cius
1148 2676 1224 2750 lieri
1240 2690 1345 2778 potest,

243 2793 427 2880 elucidare,
455 2795 580 2867 idcirco
604 2795 721 2867 hocin
739 2794 879 2867 articulo
906 2794 1093 2866 incidentes
1118 2794 1237 2866 varias
1262 2815 1348 2893 quae·

244 2909 389 2996 stiones,
411 2937 499 3010 quae
518 2910 637 3007 agitari
656 2925 798 3008 possunt
812 2911 913 3007 immo
932 2925 965 2981 et
983 2908 1109 2996 solent,
1132 2906 1349 2982 discutiendas

243 3027 512 3124 assumpsimus,
528 3027 671 3098 utuirca
690 3051 749 3099 eas
767 3025 964 3122 singillatim
982 3023 1065 3123 quid
1084 3025 1301 3098 sentiendum
1316 3021 1347 3094 sit

244 3141 447 3215 indicemus.

317 3262 427 3332 Prima
445 3261 546 3357 igitur
563 3286 652 3360 quae
671 3284 746 3331 sese
765 3259 862 3332 ollert
879 3258 1034 3356 quaestio
1053 3257 1215 3355 coniugia
1236 3268 1347 3355 spectu!

244 3401 378 3463 eorum,
401 3376 460 3476 qui
488 3376 602 3449 eloco
629 3374 687 3445 ubi
715 3374 934 3447 tridentinum
962 3373 1134 3445 decretum
1164 3399 1233 3446 non
1258 3373 1344 3467 viget,

244 3491 285 3562 ad
304 3490 415 3564 locum
432 3491 491 3564 ubi
510 3491 592 3563 illud
610 3490 700 3587 viget
717 3489 914 3562 deveniunt.
926 3487 1176 3561 Censtituimus
1189 3488 1281 3560 enim
1293 3485 1346 3559 sire

245 3605 505 3693 baereticorum,
544 3608 615 3679 sivo
647 3605 888 3678 catholicorum
914 3621 947 3677 et
972 3603 1239 3676 acatholicorum
1264 3602 1345 3674 mirta

243 3723 400 3818 coniugia
425 3720 603 3808 celebrata,
625 3721 682 3792 ubi
702 3720 948 3819 promulgatum
968 3745 1007 3791 ac
1029 3744 1095 3791 usu
1120 3735 1290 3819 receptum
1307 3727 1345 3786 est

244 3837 462 3909 tridentinum
488 3838 672 3921 decretum,
695 3836 868 3933 illegitima
895 3861 934 3907 ac
960 3834 1109 3907 invalida
1135 3861 1236 3922 osso,
1255 3835 1281 3908 si
1303 3854 1340 3902 cc·

245 3975 316 4022 ram
342 3951 408 4025 alio
432 3979 534 4051 quam
553 3952 688 4051 proprio
706 3950 854 4051 parocho
873 3978 912 4023 ac
934 3950 1068 4023 duobus
1087 3949 1232 4024 testibus
1250 3950 1342 4021 incan-

318 4202 383 4264 (169)
400 4205 435 4253 De
452 4203 548 4266 synodo
568 4203 674 4254 dioeces.
691 4202 732 4251 lib.
748 4205 790 4251 Vl.
803 4216 856 4265 cap.
871 4203 913 4250 t'l.
929 4215 953 4249 n.
971 4208 1006 4251 12.
1023 4201 1052 4248 El
1065 4211 1150 4250 resera
1170 4199 1230 4248 baec
1248 4196 1303 4244 ratio
1316 4189 1341 4237 ul

248 4293 323 4344 quoru
338 4281 429 4344 passius
445 4281 551 4346 allegant
572 4296 621 4333 sae.
633 4281 832 4345 congregationes
856 4294 985 4342 romanae,
1002 4279 1061 4329 dum
1078 4278 1213 4329 decernunt
1225 4273 1341 4326 relidam·

244 4359 362 4410 trimonla
383 4361 461 4411 mixta
481 4360 531 4411 illis
541 4360 566 4411 in
579 4361 717 4425 regionibus
729 4361 761 4411 ad
774 4374 836 4424 quas
853 4360 993 4412 Declaratio
1013 4359 1170 4410 benedicttna
1189 4361 1285 4410 extensa
1302 4349 1328 4400 el
