2804 5062
142 342 211 416 lll
264 384 269 428 2
332 364 394 416 nm.
413 364 449 418 u.
470 364 556 417 orer.
577 362 767 418 mmmm
791 361 917 416 rorrsr.
937 360 1048 414 οιιιιι.
1072 407 1076 412 ,

213 481 309 558 Haud
334 509 388 559 me
411 483 491 558 latet
514 484 628 586 reponi
654 506 770 583 posse,
798 478 1130 560 Deum-matrimonii
1146 495 1225 552 natu·

100 644 106 654 ·
141 626 213 678 ram
231 600 516 701 proprietatesque
536 601 795 687 determinasse,
816 613 851 672 at
873 595 974 673 simul
998 594 1131 697 aliquid
1155 594 1229 694 quod

142 717 325 818 adipsum
355 715 526 791 vinculum
555 717 715 803 refertur,
743 713 1038 788 indeterminatum
1071 710 1139 810 legi
1170 709 1233 784 reli·

141 832 279 934 quisse,
312 830 464 932 adeoque
492 831 678 932 principem
702 829 787 902 nihil
811 828 948 928 quidem
972 843 1125 901 statuere
1148 850 1234 926 posse

142 963 255 1022 contra
280 946 314 1018 id
339 946 429 1046 quod
454 947 615 1020 divinitus
647 945 811 1020 sancitum
842 960 920 1031 est,
954 958 990 1017 at
1013 943 1089 1017 suis
1119 940 1236 1039 legibus

141 1060 271 1163 aliquid
299 1086 400 1162 posse
430 1061 582 1148 addere,
615 1086 654 1136 ao
681 1059 867 1135 naturalem
899 1058 1109 1145 libertatem,
1144 1071 1182 1129 ut
1211 1054 1235 1124 in

142 1176 239 1264 aliis,
267 1176 315 1250 ita
338 1177 438 1250 etiam
454 1177 489 1250 in
507 1176 729 1251 matrimoniis
747 1174 925 1273 iungendis
947 1172 1166 1270 restringere.
1178 1172 1236 1243 lan

143 1315 221 1367 vero
243 1315 283 1365 eo
304 1291 380 1391 ipso
404 1289 495 1392 quod
507 1293 598 1367 Deus
619 1291 783 1393 quaedam
807 1289 1067 1363 indeterminata
1091 1285 1236 1386 reliquit,

143 1404 334 1480 necessaria
351 1430 427 1480 esse
443 1406 574 1480 videtur
598 1405 734 1506 publica
752 1405 930 1479 auotoritas
947 1415 1038 1504 quse
1055 1400 1175 1476 saltem
1190 1400 1239 1472 de

144 1519 299 1594 terminet
311 1540 350 1594 ao
362 1519 500 1594 definiat
511 1545 551 1594 ea
563 1545 651 1619 quae
664 1518 807 1593 naturali
819 1518 891 1616 lege
905 1542 973 1592 non
985 1515 1073 1590 s'atis
1082 1527 1237 1591 constant.

144 1633 344 1721 Quisanim
373 1634 571 1718 determinet
596 1634 734 1734 quinam
765 1632 890 1732 gradus
915 1627 1237 1728 consanguinitatis,

143 1749 254 1850 quivis
270 1774 362 1825 error
378 1748 431 1824 vel
451 1775 636 1825 consensus
654 1749 803 1825 delectus
824 1745 1076 1822 matrimonium
1093 1739 1241 1819 dirimat?

143 1867 229 1940 Num
246 1866 396 1966 privatus
419 1864 587 1966 quicquat
602 1865 640 1939 ld
660 1891 756 1940 nemo
772 1865 877 1939 dicet:
898 1879 979 1961 ergo
1004 1861 1050 1937 ad
1075 1857 1242 1936 auctorita

145 1997 211 2057 tem
235 1979 404 2082 publicam
430 1981 596 2081 pertinere
621 1980 736 2055 divino
762 1981 837 2054 iura'
867 1977 1049 2053 dicendum
1074 1989 1140 2052 est.

215 2095 383 2173 etfacilis
400 2096 587 2197 responsio.
608 2096 739 2195 Duplex
756 2095 846 2170 enim
862 2093 916 2169 vel
932 2092 978 2169 ab
993 2093 1074 2193 ips‘o
1085 2092 1243 2166 humanae

142 2212 313 2299 societatis
338 2212 433 2286 initio
457 2211 619 2287 divinitus
643 2211 823 2287 constituta
846 2224 899 2288 est
922 2207 1130 2294 auctoritas,
1157 2229 1244 2281 sacra

144 2341 178 2400 et
202 2324 330 2414 ciuilis3
351 2341 384 2400 at
407 2325 483 2426 ipsa
507 2325 554 2400 rei
580 2341 700 2401 natura
725 2323 872 2425 postulat
889 2338 934 2397 -ut
950 2322 1132 2399 hominum
1148 2319 1244 2397 socie·

145 2457 198 2517 tas
222 2439 350 2539 duplici
376 2439 440 2513 hac
465 2440 659 2514 auctoritate
683 2440 919 2537 repetundum
942 2462 1022 2511 vero
1048 2431 1244 2510 matrimonii

144 2555 335 2643 vinculum,
362 2571 400 2628 ut
425 2581 479 2628 res
503 2570 622 2629 natura
648 2581 709 2628 sue
735 2581 831 2629 sacra
856 2571 889 2627 et
912 2550 1126 2652 spiritualis,
1152 2547 1245 2622 nulla

146 2686 242 2743 tenus
268 2669 311 2743 ad
341 2670 492 2757 civilem,
522 2670 582 2744 sed
610 2670 654 2744 ad
683 2688 812 2744 sacram
845 2667 1077 2742 auctoritatem
1111 2679 1242 2766 spectat.

145 2785 180 2856 Si
196 2784 286 2884 quod
304 2810 382 2882 ergo
399 2786 488 2857 Deus
508 2785 798 2858 indeterminatum
816 2783 967 2884 reliquit,
991 2783 1021 2855 si
1034 2808 1107 2881 qua
1120 2780 1247 2854 ulterior

146 2900 337 2973 necessaria
355 2899 401 2973 sit
416 2898 591 2996 legislatio,
604 2925 691 2998 quae
704 2924 770 2972 non
788 2924 896 2973 meros
914 2896 1031 2971 civiles
1047 2891 1245 2970 matrimonii

146 3014 296 3102 effectus,
317 3013 376 3087 sed
395 3014 506 3113 ipsum
531 3013 703 3087 vinculum
720 3013 862 3099 afficiat,
885 3012 1036 3085 idemne
1055 3029 1177 3084 natura
1192 3033 1246 3083 sun

146 3129 289 3229 pertinet
301 3128 343 3200 ad
357 3152 486 3202 sacram
501 3126 591 3200 illam
605 3129 853 3215 auctoritatem,
875 3153 961 3227 quae
972 3125 1034 3199 Dei
1048 3128 1188 3201 nomine
1203 3149 1248 3197 sa·

145 3270 238 3317 crum
251 3269 291 3316 ac
304 3242 497 3340 religiosum
512 3243 712 3316 matrimonii
726 3258 927 3316 contractum
941 3240 1150 3330 moderetur,
1160 3239 1248 3315 adeo

146 3384 212 3457 que
221 3358 331 3431 omnis
341 3356 506 3455 legislatio
515 3357 557 3429 de
567 3354 1016 3429 matrimoniivinouloalleo
1027 3354 1108 3453 ipso
1118 3354 1188 3429 sive
1197 3352 1248 3423 im

147 3471 290 3546 mediate
303 3471 373 3545 sive
387 3471 542 3558 mediate,
554 3497 612 3571 per
626 3496 755 3545 sacram
769 3470 997 3544 auctoritatem
1010 3469 1244 3567 proficiscitur.

218 3586 269 3658 Ad
295 3586 378 3659 haec
403 3586 546 3674 aceedit,
574 3586 666 3685 quod
690 3588 780 3659 Deus
806 3586 839 3656 in
865 3584 1013 3680 coniugii
1042 3582 1248 3657 institutione

147 3701 346 3775 adumbrare
372 3700 436 3774 sibi
463 3701 688 3799 proposuerit,
718 3703 896 3775 immovero
926 3700 1029 3772 etiam
1061 3697 1248 3796 significare

147 3816 292 3890 futuram
325 3815 436 3887 Divini
474 3814 569 3888 Verbi
605 3815 656 3888 sui
692 3814 951 3887 incarnationem
977 3869 984 3899 ,
1023 3813 1072 3887 uti
1111 3813 1249 3887 declarat

146 3928 324 4031 Apostolus
357 3933 421 4027 (9).
443 3930 530 4003 Hinc
556 3929 638 4004 illud
664 3946 701 4002 ut
725 3931 859 4026 signum
885 3952 1018 4001 sacrum
1055 3928 1105 4001 rei
1138 3914 1248 4002 ¹sacrae

148 4046 307 4133 instituit,
335 4048 490 4147 quocirca
507 4074 527 4119 a
545 4046 637 4120 nulla
659 4046 805 4118 humana
818 4059 979 4144 potestate
1004 4044 1241 4142 attingendum.

148 4159 219 4233 lloo
242 4185 319 4235 vero
344 4162 476 4259 signum
502 4162 536 4234 in
560 4159 693 4236 vinculo
719 4159 868 4260 praecise
893 4159 1044 4236 constitit
1069 4185 1131 4235 seu
1149 4183 1241 4242 nexu,

219 4311 254 4377 (o)
269 4313 356 4378 Ephes.
368 4316 398 4365 v.
