2804 5062
194 374 1139 450 csr.n.nts'orns.rxmc.rm.crr.remacensem.111.
1171 373 1236 447 ttt

129 515 289 590 lllonsus
323 540 440 589 secum
472 513 690 614 dispensare,
727 540 767 588 ac
795 514 980 612 legitimum
1010 515 1095 591 inire
1124 515 1248 590 sonim

128 629 247 730 giuuff
262 629 304 702 At
320 644 449 703 tantum
473 627 587 715 abest,
603 643 641 700 ut
654 627 688 701 id
701 629 935 728 pertentaverit
960 654 1017 702 rex
1043 627 1119 717 ille,
1139 645 1177 703 nt
1198 652 1241 703 ne

128 745 365 845 excogitaverit
388 745 539 845 quidem.
567 745 753 819 [linceius
778 745 970 844 coniugium
997 745 1141 846 populus
1168 747 1242 820 uni·

128 886 250 936 versus
262 860 424 960 regnique
436 884 592 960 proceres
605 875 776 960 umquam
795 860 958 934 incestum
975 860 1130 935 detestati
1147 875 1238 948 sunt,
1261 944 1265 955 ¹

128 993 231 1078 atque
257 976 407 1063 irritum3
437 975 528 1050 lilius
558 976 638 1048 inde
666 992 760 1051 ortus
785 991 822 1050 ut
845 975 1037 1074 illegitimus
1071 992 1243 1077 spectatus
1355 966 1362 991 ’

129 1108 233 1194 etque
250 1120 271 1167 a
288 1092 504 1167 successione
530 1092 707 1177 detrusus,
728 1118 838 1192 neque
859 1093 945 1167 inter
962 1092 1128 1167 Castallae
1145 1117 1241 1192 reges

127 1233 148 1282 a
173 1206 396 1309 scriptoribus
421 1205 577 1281 omnibus
599 1205 692 1279 illius
716 1207 837 1280 aetatis
862 1223 1137 1281 connumeratus.

198 1323 319 1396 Verum
344 1322 435 1423 quod
463 1320 571 1420 magis
593 1321 752 1420 putelacit
772 1322 815 1394 ad
840 1321 953 1396 solam
966 1322 1161 1411 ecclesiam,
1183 1348 1243 1396 seu

127 1439 170 1514 ed
184 1463 271 1513 rum.
282 1437 459 1538 pontifices
477 1453 647 1538 spectasse
664 1437 730 1511 hoc
744 1439 915 1535 negotium
928 1454 980 1512 est
996 1437 1118 1536 legatio
1135 1437 1241 1510 missa

127 1553 171 1629 ad
197 1551 394 1626 Pescbnlem
420 1551 633 1652 pontificem,
662 1552 719 1652 qui
744 1552 824 1626 dato
848 1551 1031 1653 diplomate
1048 1553 1090 1626 ad
1108 1577 1241 1653 compo

128 1667 309 1745 stellauum
321 1667 517 1768 episcopum
531 1668 563 1740 ei
577 1667 612 1738 in
625 1667 794 1742 mandatis
806 1667 918 1754 dedit,
935 1682 991 1758 ut,
1008 1694 1111 1743 causa
1128 1694 1244 1742 excus-

127 1811 189 1873 sa,
217 1809 327 1882 regem
353 1780 568 1883 compelleret
592 1783 635 1855 ad
661 1782 869 1882 illegitimam
901 1807 1038 1856 uxorem
1070 1783 1242 1857 dimitten-

129 1901 240 1988 dam,
277 1915 336 1974 aut
368 1898 710 1974 excommunicatione
744 1897 925 2013 plecteret,
958 1899 986 1974 si
1015 1899 1250 2000 obtemperare

129 2015 361 2091 detrectasset.
389 2012 554 2090 Exinde
544 2039 613 2088 rrae
635 2014 920 2115 vexationesque,
949 2031 986 2089 ut
1010 2014 1055 2089 ab
1075 2014 1241 2089 eiusmodi

129 2130 326 2207 bominibus
351 2131 425 2205 fieri
450 2131 624 2205 consuerit
643 2129 678 2202 in
701 2154 876 2205 sacrorum
897 2130 1091 2231 praesules,
1120 2130 1244 2230 depor-

129 2242 294 2334 tationes,
322 2246 424 2320 exilia
448 2272 487 2320 ex
514 2245 604 2344 regis
633 2246 710 2334 ira,
741 2245 850 2320 donec
875 2245 1034 2334 tandem,
1063 2262 1101 2318 ut
1128 2263 1244 2346 postea

129 2361 231 2438 refert
244 2362 332 2436 idem
345 2361 543 2449 historicus,
560 2361 752 2460 coniugium
766 2361 901 2462 penitus
914 2361 1115 2437 dissolutum
1128 2362 1239 2435 luerit.

154 2518 156 2523 ·
203 2477 246 2551 Ut
265 2477 368 2575 igitur
390 2476 509 2578 paucis
535 2502 604 2550 rem
630 2477 868 2565 conficiamus,
889 2504 927 2551 ex
946 2476 1047 2552 dictis
1065 2492 1158 2579 patet
1174 2504 1241 2553 nun

128 2591 239 2668 sulum
261 2618 301 2666 ex
323 2592 493 2666 llarianao
515 2592 628 2666 uerbis
660 2585 745 2665 nihil
775 2593 886 2692 colligi
912 2620 1014 2694 posse
1039 2620 1099 2694 pro
1125 2620 1262 2693 regum„

128 2707 329 2783 auctoritate
354 2706 444 2781 circa
474 2695 789 2806 impedimentorum
811 2708 1041 2783 dirimentium
1069 2710 1246 2784 relaxatio-

134 2847 234 2911 nem,
256 2846 372 2896 rerum
386 2821 588 2897 contrarium
611 2848 750 2923 prorsus
767 2823 917 2914 ostendi,
939 2850 1000 2900 seu
1017 2826 1244 2902 austeritatem

133 2936 341 3040 pontificiam
367 2939 410 3012 ad
434 2938 662 3014 exclusionem
687 2941 863 3040 potestatis
887 2942 1012 3040 regiae.-

203 3055 247 3127 Et
269 3054 354 3128 haec
370 3053 413 3128 de
430 3053 556 3129 Nestio.
573 3055 731 3156 Superest
747 3054 784 3130 ut
800 3057 1008 3131 excutiamus
1029 3056 1142 3131 udhuc
1159 3083 1241 3130 non·

129 3166 224 3243 nulla
249 3194 291 3242 ex
311 3166 356 3243 iis
370 3159 470 3300 'quas
491 3168 605 3242 subdit
627 3169 735 3257 Litta,
758 3171 839 3243 dum
867 3171 1041 3271 inquirens
1059 3171 1094 3242 in
1116 3169 1245 3244 relaxa·

133 3284 264 3360 donum
295 3285 479 3383 originem,
512 3310 619 3385 ques,
649 3300 687 3358 ut
710 3285 881 3374 uidimus,
907 3284 1039 3360 vocarit
1068 3287 1240 3370 iustitiae,

131 3399 269 3488 scribit,
298 3401 420 3501 primis
444 3399 607 3475 melesius
631 3400 756 3475 seculis
772 3401 893 3534 leges,
925 3400 1036 3475 nullas
1064 3400 1246 3475 admisisse

131 3516 366 3616 exceptiones,
391 3516 536 3617 quod
508 3543 539 3589 ιιι
565 3517 734 3590 interdum
754 3518 853 3592 venia
875 3518 1028 3606 daretur,
1050 3517 1087 3590 id
1108 3518 1249 3591 nonnisi

131 3655 209 3706 raro
224 3630 402 3705 accidisse.
420 3628 577 3730 Respecto
600 3659 675 3705 uero
695 3620 1000 3732 ¹impedimentorum
1024 3631 1245 3707 dirimentione

131 3744 325 3821 nullatenus
337 3770 377 3821 ac
390 3770 572 3847 numquam
591 3747 810 3823 relaxabatur.
825 3748 997 3836 llttamen,
1018 3748 1151 3834 subdit,
1167 3773 1245 3846 pro-

132 3860 220 3936 fecto
240 3860 393 3935 nonnulli
418 3867 518 3937 ossus
538 3887 604 3936 non
625 3863 819 3953 defuerunt,
836 3865 895 3964 qui
910 3863 998 3938 adeo'
1006 3863 1252 3937 relaxationem

131 3992 367 4065 mererentur,
394 3994 433 4051 ut
461 3978 630 4053 videretur
660 3979 758 4081 qnasi
789 3980 918 4054 iniusta
950 3964 1024 4054 eius
1054 3979 1241 4076 denegatio.

132 4092 360 4167 Nihilominus
378 4092 471 4167 nulla
489 4120 627 4194 prorsus
651 4096 779 4170 ratione
800 4093 959 4170 mluatio
978 4094 1242 4181 concedebatur,

130 4209 251 4310 sicque
273 4212 491 4284 ostenderunt
514 4210 677 4286 ecelesiae
698 4228 861 4313 petresse
878 4211 1024 4312 practice
1043 4237 1242 4310 agnoscere,

132 4326 295 4400 iniustum
322 4343 440 4401 natura
459 4352 521 4401 sua
539 4325 639 4427 plane
662 4344 728 4401 no'n
754 4353 853 4414 esse,
876 4327 1045 4423 denegare
1070 4326 1247 4400 relaxatio·
