2804 5062
104 377 174 429 err.
188 371 1010 429 rn.nscrv.rorssr.rmnc.mr.mammeam.
1025 369 1061 422 u.
1092 348 1160 422 lib

56 492 203 567 subditis
229 491 492 577 communicare,
523 488 656 590 ipsique
679 488 811 563 sincere
836 487 984 586 aperire,
1016 486 1158 576 referre,

56 608 228 683 deolumre
248 607 425 683 teneberis.
442 608 510 680 Nee
530 605 632 680 satis:
649 604 708 680 sed
734 630 829 690 oum,
844 620 883 680 ut
906 603 954 689 lit,
977 602 1161 703 aliquando

57 723 267 822 peccaveris,
289 721 440 819 iniungat
459 720 519 794 tibi
538 745 664 820 poenas
681 719 858 819 expiandis
874 718 1075 818 luendisque
1092 718 1160 792 illis

56 839 202 924 erratis,
234 863 416 937 earumque
442 836 549 910 aderit
572 851 720 910 secretus
747 833 804 907 ille
832 833 986 934 quidem,
1015 849 1161 909 atcerte

56 979 195 1029 seuerus
212 967 354 1027 exactor.
377 947 466 1038 Quid
483 976 661 1024 memorem
686 949 774 1038 alia,
794 974 881 1049 quae
904 947 964 1022 tibi
982 947 1050 1023 iam
1067 947 1161 1026 licita

57 1084 175 1167 putas,
202 1094 290 1167 quae
321 1083 400 1141 tunc
425 1064 540 1140 illicita
564 1065 675 1139 lutura
701 1081 781 1140 sunt
809 1080 871 1140 eto.
896 1064 997 1138 Porro
1022 1064 1051 1138 si
1077 1063 1161 1140 haee

56 1181 195 1281 aliaque
216 1179 382 1256 eiusmodi
399 1206 464 1254 non
482 1204 590 1279 pauca
609 1181 688 1278 quis
713 1177 858 1277 principi
874 1176 1093 1253 christianam
1117 1178 1161 1254 le·

56 1321 135 1392 gem
159 1289 350 1394 professum
375 1293 516 1394 proponi
542 1309 701 1394 possunt,
724 1319 802 1368 oum
835 1292 972 1366 minimo
996 1292 1161 1369 deterrere

56 1416 183 1492 debent
200 1417 392 1517 quominus,
416 1433 454 1491 ut
478 1434 633 1492 aeternae
653 1417 880 1492 animaesuae
903 1415 1002 1491 saluti
1027 1416 1161 1521 prospi-

59 1531 153 1620 ciat,
179 1534 331 1609 eamdem
357 1532 593 1636 amplectatur,
621 1532 725 1609 multo
751 1548 839 1607 certe
861 1531 974 1606 miuus
997 1558 1074 1607 eum
1098 1532 1160 1609 ab·

57 1663 204 1723 sternere
228 1675 268 1723 ac
301 1648 470 1723 retrahere
494 1649 593 1722 debet
617 1648 791 1748 potestatis
818 1647 992 1724 cuiusdam
1019 1646 1160 1725 amissio

59 1759 165 1835 relate
176 1762 220 1836 ad
233 1762 472 1862 impedimenta
489 1761 614 1861 quibus
640 1761 834 1837 irritabant
856 1760 1066 1839 subditomm
1084 1787 1160 1837 suo·

56 1902 133 1949 rum
157 1877 313 1975 coniugia
340 1881 429 1974 (bd).

129 1990 180 2065 td
211 1991 350 2068 alteram
378 2020 456 2069 vero
485 1993 576 2095 quod
604 1994 721 2068 attinet
747 1992 973 2097 responsionis
1002 2009 1156 2094 purtem,

55 2132 147 2206 quae
170 2107 276 2183 allicit
298 2108 521 2184 emolumenta
552 2134 592 2183 ac
617 2110 773 2197 loenora,
788 2135 888 2211 quae
912 2108 947 2182 iu
974 2107 1184 2185 christiana

56 2220 222 2319 religione
247 2223 457 2325 principibus
478 2223 693 2313 obvenirent,
721 2224 987 2307 animadvertunt
1002 2223 1159 2300 catholici

58 2334 220 2433 theologi,
236 2336 342 2412 solam
366 2363 444 2412 esse
466 2337 683 2414 christianam
709 2338 900 2438 religionem
917 2365 1005 2440 quae
1028 2337 1158 2413 elficaui

57 2450 188 2525 ratione
215 2452 357 2553 populos
381 2453 424 2526 ad
451 2453 705 2555 obsequendum
725 2453 932 2556 principibus
957 2454 1086 2553 adigat,
1107 2469 1180 2551 ιιι-Ἰ

56 2580 136 2665 pote
159 2593 248 2666 quae
271 2594 330 2642 eos
362 2568 519 2645 subiiciat
539 2568 751 2646 obedientiae
772 2555 981 2680 principibus
1006 2569 1155 2656 debitae,

56 2704 126 2752 nou
158 2679 268 2757 solum
300 2699 434 2784 pmpter
464 2684 574 2772 iram,
611 2683 671 2758 sed
704 2685 802 2769 etism
830 2700 963 2783 propter
999 2685 1161 2758 mercien-

60 2795 154 2866 tr‘am.
181 2795 260 2896 lpsa
283 2812 336 2873 est
359 2824 447 2897 quae
467 2823 547 2877 vera
569 2798 760 2900 principum
770 2798 962 2874 ¹sllioaoiter
986 2799 1160 2901 solideque

59 2925 193 2982 tueatur
223 2910 309 2984 iura.
335 2913 415 3014 lpsa
445 2912 587 3013 impedit
613 2914 791 3014 quominus
826 2915 996 3014 quispiam
1020 2914 1073 2989 vel
1102 2940 1160 2990 so·

58 3023 127 3097 lam
151 3026 384 3123 cogitationem
409 3028 574 3116 admittat,
601 3055 687 3128 quae
712 3030 895 3129 prinoipem
920 3029 1046 3118 laedat,
1074 3057 1160 3130 quo-

56 3138 172 3214 minus
196 3140 239 3215 de
261 3167 302 3217 ao
325 3141 537 3242 obloquatur,
565 3142 596 3215 ei
622 3168 688 3217 nou
713 3143 918 3243 obtemperet
941 3144 976 3217 in
1002 3145 1159 3220 omnibus

55 3280 146 3353 quae
159 3255 396 3333 conscientiam
416 3282 484 3331 nen
496 3257 642 3345 laedant,
654 3257 776 3337 tribum
793 3285 859 3333 non
873 3257 991 3346 solvat,
1008 3260 1158 3335 debitum

55 3367 87 3440 ei
114 3395 180 3441 non
206 3370 414 3470 impertiatur
431 3370 608 3459 honorem,
626 3388 726 3472 atque
744 3390 785 3446 ut
808 3371 909 3446 serbo
932 3374 1045 3448 omnia
1067 3400 1159 3449 eom·

56 3482 202 3583 plectar,
217 3485 312 3561 illum
325 3501 493 3587 tamquam
505 3487 566 3562 Dei
581 3487 768 3567 ministrum
792 3489 827 3561 in
852 3487 976 3562 bouum
1002 3515 1068 3563 non
1082 3517 1159 3589 spe-

55 3616 149 3688 ctet,
179 3602 279 3705 eique
302 3620 472 3704 tamquam
498 3605 558 3678 Dei
588 3605 696 3703 ipsius
721 3631 894 3705 personam
920 3607 1046 3703 gerenti
1072 3607 1159 3681 iutra

54 3741 141 3791 suae
166 3718 339 3816 potestatis
359 3719 443 3793 lines
468 3746 533 3794 non
558 3720 772 3821 obsequatur.
793 3721 962 3821 hquibus
986 3721 1156 3808 omnibus,

55 3830 107 3904 uti
132 3833 335 3932 experientia
360 3860 426 3908 uon
446 3834 547 3909 semel
574 3835 739 3934 pateleoit,
760 3835 859 3933 longe
882 3835 1006 3910 absunt
1029 3838 1087 3936 qui
1112 3837 1159 3910 ri·

128 4123 179 4188 (ta)
194 4128 230 4176 lta
244 4127 338 4191 egregie
353 4126 379 4178 iu
395 4128 531 4181 launoium
553 4130 654 4195 eiusque
669 4131 771 4183 nmeclss
784 4132 909 4197 intorquet
924 4135 1093 4197 argumentum
1109 4149 1159 4199 quo

55 4204 104 4270 ipsi
120 4206 226 4257 manime
246 4206 379 4258 abutuntur
397 4209 550 4262 Leuitlarius.
569 4211 615 4262 cui
631 4211 730 4276 quidem
752 4214 880 4265 retorsioni
897 4215 928 4265 sd
944 4216 1067 4266 bominem
1082 4216 1161 4266 factm

54 4284 118 4336 uthil
128 4283 200 4335 soltdt
213 4285 297 4349 reponi
310 4288 389 4350 potest
400 4287 432 4339 sd
443 4301 496 4340 eam
509 4289 664 4342 eludendam.
674 4291 713 4342 ct.
723 4305 764 4356 op.
773 4292 816 4344 cit.
826 4293 1010 4348 Observabant
1018 4297 1072 4355 Vll.
1081 4295 1105 4359 §.
1114 4298 1156 4346 lv.
