2804 5062
141 378 204 427 cri.
217 378 260 425 n.
275 378 314 425 oa
328 375 417 428 recu.
432 378 537 428 roras.
552 378 659 428 conss.
673 381 739 430 rur.
751 381 845 430 ussa.
856 382 920 431 nra.
931 383 1000 432 aar.
1014 383 1057 433 n.
1112 364 1155 432 n

64 514 123 564 uon
133 520 204 567 raro
214 496 247 566 in
262 497 335 567 iura
346 494 574 569 ecclesiastica
587 497 743 570 invadere
754 515 788 571 et
799 499 960 573 ecclesiae
972 500 1156 577 libertatem

55 630 166 683 contra
182 611 237 684 ius
254 637 426 698 coercere,
448 638 513 683 non
531 627 642 686 autem
663 613 706 685 dc
730 614 874 714 propriis
900 615 1030 689 iuribus
1058 617 1158 692 eccle

51 728 126 802 siae
158 728 340 827 aliquando
379 728 559 802 liberaliter
589 756 628 802 ac
658 730 754 803 lacile
786 730 912 830 aliquid
945 733 1154 807 concedere:

51 844 135 931 inro,
155 862 191 917 ut
207 844 311 919 verbo
325 844 449 932 dicam,
466 846 688 945 principesut
705 844 882 945 plurimum
899 848 1059 922 ecclesiae
1076 848 1160 924 libe·

52 961 164 1032 raliter
182 976 377 1045 cesserunt,
402 960 491 1060 quod
510 962 618 1033 eidem
631 962 761 1059 eripere
774 989 839 1035 non
853 980 1030 1062 potuerunt
1042 968 1156 1061 (tot).

51 1076 207 1148 Attamen
220 1075 248 1149 si
261 1075 472 1148 adversarios
497 1076 632 1162 audias,
654 1077 823 1176 principes
841 1104 901 1177 pro
920 1106 982 1152 sua
1005 1106 1085 1177 erga
1106 1108 1159 1154 ec·

56 1190 191 1263 elesiam
217 1190 376 1287 pietates
398 1190 551 1290 pluribus
574 1192 718 1265 saeculis
743 1210 819 1266 anta
844 1194 1020 1267 concilium
1037 1195 1160 1269 triden-

58 1304 159 1375 tinum
191 1321 295 1377 totum
327 1306 579 1378 matrimonialis
602 1308 775 1406 potestatis
801 1308 992 1381 exercitium
1022 1309 1161 1384 dimise-

62 1418 140 1489 untl
160 1419 249 1492 Hinc
266 1418 472 1492 contendunt
489 1421 552 1493 hoc
570 1436 696 1494 tantum
715 1449 817 1495 sensu
835 1439 945 1522 patres
963 1423 1158 1501 tridentinos

64 1535 122 1606 suis
138 1535 330 1608 canonibus
356 1536 517 1608 ecclesiae
543 1555 738 1637 potestatem
760 1538 967 1627 vindicasse,
994 1538 1047 1612 vel
1072 1555 1160 1614 certe

65 1649 243 1724 nullatcnus
267 1651 479 1747 significasse
496 1679 538 1724 an
556 1680 595 1725 ea
612 1670 776 1752 potestas,
803 1681 890 1754 quae
914 1655 949 1725 in
974 1655 1159 1729 canonibus

66 1768 211 1839 asseritur
245 1767 430 1864 originaria
461 1771 505 1841 sit
532 1785 631 1869 atque
659 1769 819 1843 ecclesiae
850 1771 977 1858 insita,
1010 1797 1053 1843 an
1081 1797 1160 1846 vero

66 1881 177 1954 adscita
210 1908 251 1953 ex
284 1907 445 1981 expressa
473 1885 613 1957 tacitave
645 1885 832 1984 principum
863 1886 1090 1957 concessione.
1119 1885 1161 1960 At

66 2022 152 2093 quam
177 1996 329 2070 absurde
354 1997 488 2071 obvium
513 2026 677 2072 canonum
704 2024 840 2072 sensum
862 2014 1100 2098 contorqueant
1121 2026 1161 2073 ax

66 2109 213 2184 hactonus
235 2111 339 2184 dictis
366 2113 497 2186 abunde
523 2129 626 2211 patet.
755 2201 760 2209 .

11 2281 14 2287 ,
122 2228 181 2301 Ast
200 2244 366 2328 praestat,
388 2245 566 2328 antequam
592 2230 669 2303 huic
695 2230 834 2303 articulo
859 2231 958 2302 linem
978 2257 1155 2331 ponamus,

65 2343 241 2440 expendere
259 2344 329 2416 vim
347 2342 438 2416 illius
457 2344 616 2418 lormulae
634 2347 781 2419 omniurn
796 2346 978 2419 aulicorum
992 2373 1031 2420 ac
1044 2345 1160 2443 regali-

66 2475 178 2530 starum
193 2485 263 2530 non
279 2458 326 2531 ita
339 2459 468 2557 pridem
481 2487 539 2533 ore
551 2461 658 2547 tritae,
676 2461 713 2532 de
727 2488 880 2559 expresso
892 2463 944 2533 nel
957 2464 1057 2534 tacito
1064 2464 1160 2560 prin·

65 2578 159 2671 cr'pnrn
192 2576 401 2647 consensione
431 2574 605 2648 ecclesiam
636 2577 794 2650 statuisse
824 2577 1061 2676 impedimenta
1089 2602 1161 2651 ms-

65 2689 248 2763 trimonium
267 2689 476 2776 dirimentia3
500 2691 649 2789 adeoque
667 2691 725 2763 illa
741 2692 915 2791 supposita
941 2693 1162 2766 consensione

66 2804 234 2878 concilium
262 2803 479 2877 tridentinum
503 2805 698 2879 definivisse
715 2807 749 2877 in
768 2808 960 2880 memoratis
977 2808 1169 2882 canonibus

66 2919 232 2995 ecclesiam
246 2923 392 3017 potuisse
411 2947 450 2994 ac
463 2948 555 3019 posse
568 2922 626 2994 illa
644 2923 855 2996 constituere.
872 2923 932 2994 vix
945 2922 1037 3021 legas
1050 2939 1161 2997 aucto-

67 3060 125 3106 rem
138 3037 288 3135 aliquem
303 3037 487 3133 superioris
501 3036 605 3109 seculi
619 3065 658 3110 ex
677 3039 736 3124 iis,
753 3041 809 3137 qui
824 3039 1011 3136 principum
1024 3063 1161 3112 causam

67 3148 120 3224 bec
135 3151 170 3222 in
184 3178 223 3224 re
236 3168 458 3248 susceperunt
478 3152 750 3250 patrocinandam
768 3154 803 3224 in
821 3180 887 3252 quo
904 3180 977 3224 eam
995 3152 1161 3252 phrasim,

67 3289 115 3336 seu
139 3265 320 3338 formulam
347 3261 413 3338 non
438 3266 589 3340 ollandas
613 3266 651 3338 de
676 3293 829 3365 capreaso
849 3269 900 3338 cel
921 3269 1020 3338 tacito
1039 3265 1163 3364 prinei-

126 3475 193 3533 (roo)
208 3471 491 3534 ,tppositeGuillielrnus
502 3472 631 3521 Duraudus
643 3472 722 3520 iunior
731 3472 858 3535 episcopus
866 3471 1015 3520 mimatensis
1023 3473 1048 3521 iu
1058 3473 1163 3522 tractatu

68 3551 93 3599 ile
107 3551 184 3601 modo
205 3551 337 3614 §encratis
355 3552 458 3601 concilii
468 3551 617 3601 celebrandi
629 3553 694 3601 iussu
706 3551 837 3601 clementis
846 3553 876 3600 V.
887 3550 952 3601 edito
961 3551 992 3601 dc
1002 3551 1162 3616 potestatibus

67 3632 208 3683 tetuhnbus
220 3646 295 3695 agens
304 3635 367 3695 part.
376 3635 407 3682 ll.
419 3634 457 3682 tit.
467 3638 505 3683 70.
518 3633 614 3682 scribit:
628 3632 719 3690 «Quasi
730 3646 772 3694 per
781 3632 912 3695 quamdam
922 3632 1068 3684 alluvionem
1080 3633 1164 3683 truste

68 3713 103 3760 tin
115 3713 214 3762 Domirn
231 3713 378 3775 temporales
394 3713 423 3761 ad
435 3727 460 3761 se
470 3713 553 3762 emnia
564 3714 671 3762 trabunt.
683 3717 711 3763 ut
721 3714 782 3763 sicut
794 3713 916 3763 frustatim
933 3714 1005 3778 lupus
1019 3727 1108 3777 agnum
1121 3725 1160 3761 eo·

68 3791 147 3854 aedit,
160 3794 195 3842 its
207 3795 232 3842 ct
245 3807 290 3856 per
299 3793 366 3856 ipsos
377 3792 511 3843 iurisdictio
524 3793 685 3842 ecclesiastica
697 3793 818 3842 lnrstatinr
830 3793 1162 3856 quodammododeroretur;

68 3872 179 3934 ermque
189 3874 222 3921 ad
234 3872 423 3922 eeclesiasticam
432 3873 637 3933 iurisdictionem,
649 3874 772 3935 potissime
783 3873 849 3936 quod
858 3873 888 3922 ad
899 3871 1040 3936 temporalia
1049 3870 1161 3934 pertinet,

69 3950 106 4000 sibi
120 3955 260 4017 competere
273 3955 394 4015 putantes.
407 3955 438 4002 nt
449 3952 520 4016 pauci
531 3957 589 4002 suut
597 3966 668 4004 casus
681 3953 712 4002 ad
723 3953 850 4004 ecclesiam
867 3953 1027 4016 pertinentes,
1038 3949 1164 4014 inquibus

69 4029 150 4082 directe
170 4033 210 4082 rel
235 4032 353 4081 indirecte
370 4045 467 4094 percos
483 4032 643 4083 ecclesiastica
664 4032 798 4082 iurisdictio
821 4047 869 4081 non
888 4032 996 4081 turbetur
1016 4029 1164 4082 indisertis

70 4111 144 4161 mund
162 4112 289 4176 partibus,
304 4125 348 4162 uec
359 4112 407 4161 ism
418 4113 549 4163 mustituta
566 4112 672 4163 remedia
686 4112 801 4176 pmfioere
816 4113 932 4176 possunt,
944 4111 1165 4176 sicutexperientit

70 4189 221 4243 nectarae
237 4193 312 4251 hacc,
329 4192 428 4255 longum
441 4193 544 4242 alterni
562 4193 697 4255 catalogum
714 4207 814 4242 casuum
825 4194 849 4241 in
860 4191 949 4254 quibus
966 4193 1086 4243 seculares
1097 4195 1163 4256 pote·

71 4271 133 4322 nte
141 4271 190 4324 iam
201 4274 282 4322 ansa
293 4284 338 4320 soa
348 4270 402 4320 iura
411 4271 573 4322 coeioeiastics
584 4271 629 4321 sibi
639 4271 905 4321 adscribebantvenet.
916 4276 982 4322 tter.
992 4271 1041 4322 rol.
1050 4284 1092 4320 nn.
1102 4270 1160 4319 ins.

72 4362 116 4414 Μ.
130 4360 172 4404 tte
184 4365 256 4417 seqq.
