2804 5062
198 381 268 432 err.
284 379 321 431 ιι.
337 378 378 429 nt
392 379 499 430 roras.
511 379 615 431 rursu.
629 379 691 429 rm.
704 380 765 431 cra.
781 379 874 430 ιιιτιι.
888 378 1011 430 cnmsr.
1024 379 1097 431 ιιι.
1111 381 1134 429 ι.
1191 360 1258 430 369

221 498 305 571 Cum
335 522 416 571 vero
445 495 529 571 baec
558 513 685 572 tantum
716 498 784 571 sint
812 496 974 584 concilia,
994 523 1083 597 quae
1100 497 1143 570 ad
1163 523 1259 571 suam

152 612 281 688 thesim
293 611 504 713 probandam
523 612 710 687 asseruntur
726 639 746 687 a
763 614 807 685 ll.
825 612 864 684 Α.
881 612 931 686 lle
947 614 1100 687 Dominis
1117 613 1125 700 ,
1155 640 1260 713 eaque

150 726 272 801 nedum
295 726 492 815 adstruant,
521 752 595 800 eam
616 727 728 827 potius
756 726 927 801 evidenter
957 726 1177 814 labefactent,
1205 752 1260 798 nc-
1344 762 1346 767 ·

149 865 245 915 cesse
268 839 362 914 baud
387 855 440 914 est
465 839 534 914 alia
555 839 712 914 adiicere.

218 955 382 1055 Superest
408 955 451 1029 ad
477 954 719 1030 absolvendum
746 955 837 1055 qood
864 955 962 1030 nobis
988 957 1257 1057 proposuimus,

146 1087 183 1145 ut
198 1069 363 1145 nonnulla
380 1070 534 1145 dieamus
547 1072 589 1146 de
605 1071 737 1169 legibus
750 1071 793 1144 ab
808 1071 1065 1171 imperatoribus
1078 1093 1111 1144 et
1125 1072 1260 1168 regibus

145 1183 343 1259 christianis
369 1184 466 1274 latis,
486 1212 575 1285 quae
591 1212 652 1287 pro
669 1185 799 1260 obiecto
817 1185 1006 1260 babuerunt
1023 1186 1262 1284 impedimenta

145 1301 396 1375 matrimonium
424 1301 629 1374 dirimantia.
656 1300 930 1400 Pseudopolitici
948 1327 988 1374 ac
1006 1300 1185 1398 regalistae
1210 1302 1260 1376 eis

145 1415 338 1489 innituntur
361 1431 400 1488 ut
422 1414 599 1489 adstruant
615 1416 669 1489 ius
687 1415 904 1513 originarium
929 1415 1119 1515 principum
1138 1416 1172 1487 in
1191 1405 1259 1489 illis

144 1529 402 1604 mostituandis.
429 1529 642 1630 Quapropter
658 1531 687 1604 si
705 1556 767 1604 nos
784 1531 1032 1605 ostenderimus
1053 1530 1129 1604 illos
1154 1531 1261 1631 impe

146 1660 274 1720 ratores
299 1670 340 1718 ao
365 1670 461 1742 reges
481 1645 516 1716 in
537 1644 703 1719 eiusmodi
729 1644 913 1719 condendis
938 1643 1069 1742 legibus
1088 1651 1261 1742 sese‘ges·

144 1758 235 1834 sisse
250 1758 300 1832 uti
317 1784 484 1833 canonum
511 1775 727 1846 executores,
754 1759 912 1834 custodes
936 1775 1037 1858 atque
1061 1765 1207 1846 tutoresss
1228 1775 1262 1833 et

145 1874 175 1947 si
204 1874 404 1967 auctoritate
429 1874 566 1975 propria
595 1873 776 1949 nonnullas
804 1873 896 1971 leges
922 1873 1146 1948 condiderunt
1168 1874 1259 1947 circa

144 1987 325 2088 coniugia,
353 1988 600 2063 ostenderimus
625 1987 700 2062 illas
725 1987 793 2061 vim
818 1987 935 2074 iniis,
965 2013 1053 2087 quae
1077 1986 1121 2060 ad
1147 1987 1261 2061 vincu-

143 2101 214 2176 lum
232 2119 386 2203 spectant
398 2104 432 2177 in
446 2102 518 2178 loro
529 2102 754 2178 conscientiae
766 2129 833 2177 non
846 2101 1009 2176 habuisse
1021 2101 1088 2175 nisi
1101 2128 1142 2177 er
1154 2100 1261 2176 eccle·

142 2219 217 2294 siae
253 2219 511 2319 acceptatione,
547 2219 695 2319 prolecto
724 2245 765 2291 ex
798 2218 1066 2292 adversariorum
1100 2216 1258 2290 manibus

143 2360 237 2410 mma
253 2335 339 2410 baec
364 2362 432 2410 nou
457 2334 566 2410 solum
591 2334 792 2435 eripiemus,
821 2334 882 2408 sed
906 2349 1022 2414 contra
1049 2332 1126 2406 illos
1151 2350 1259 2407 vorte-

142 2437 235 2525 musss
249 2451 436 2550 Utrumque
459 2466 572 2525 autem
597 2450 731 2523 efficere
755 2450 822 2523 iam
848 2448 1072 2547 aggredimur.

216 2565 349 2639 Etenim
374 2564 417 2639 ad
442 2565 588 2667 primum
614 2564 704 2665 quod
726 2564 864 2651 attinet,
887 2563 986 2638 nobis
1008 2563 1190 2664 suppetunt
1207 2563 1256 2638 lo-

143 2681 397 2782 cupletissimae
426 2682 683 2781 protestationes
715 2707 755 2754 ac
785 2680 1029 2753 declarationes
1063 2677 1256 2752 eorumdem

143 2798 383 2898 imperatorum
408 2823 448 2870 ae
473 2823 613 2894 regum,
642 2797 702 2896 qui
728 2822 787 2871 eas
811 2796 904 2894 leges
928 2794 1163 2869 condiderunt.

218 2914 307 2985 Sane
333 2912 541 2985 lastinianus
566 2913 621 2985 cui
652 2912 866 3011 potissimum
897 2910 1086 2982 innituntur
1115 2909 1260 3009 pseudo·

145 3026 296 3127 politici,
325 3028 360 3100 in
386 3027 524 3103 Novella
547 3027 600 3100 Vl.
623 3028 730 3127 aperit
755 3028 789 3098 in
809 3027 979 3126 prooemio
996 3039 1139 3098 mentem
1163 3049 1259 3096 suam

144 3143 178 3214 in
206 3142 399 3216 sanciendis
431 3141 710 3241 disciplinaribus
740 3142 873 3239 legibus
903 3140 1037 3214 dicens:
1056 3132 1257 3210 «Sanoimus

143 3257 247 3356 igitur
270 3284 383 3330 sacros
393 3284 457 3356 per
472 3259 580 3330 omnic
597 3271 760 3356 sequentes
776 3256 907 3354 repulus
927 3257 1028 3349 (33)»
1044 3250 1170 3351 quibus
1187 3276 1258 3325 ver·

143 3371 198 3445 bis
212 3399 251 3447 se
264 3372 399 3447 exhibet
416 3373 463 3445 uti
478 3388 756 3473 propugnatorem
775 3369 1010 3468 vindicemque
1022 3392 1193 3440 sacrarum
1215 3365 1260 3438 le

143 3513 226 3586 gum
239 3514 301 3562 seu
314 3514 478 3561 canonum
491 3487 807 3561 ecclesiasticorum.
819 3485 861 3557 Et
875 3485 909 3556 in
921 3482 1059 3557 Novella
1071 3481 1254 3554 Gllllllllll.

145 3602 210 3674 «Si
224 3602 342 3676 civiles
360 3601 470 3698 leges,
487 3602 598 3701 inquit
610 3603 645 3674 io
659 3600 880 3701 praelatione,
897 3625 1041 3699 quarum
1059 3609 1258 3697 potestatem

144 3716 243 3791 nobis
261 3718 352 3790 Deus
371 3743 431 3815 pro
449 3741 513 3789 sua
531 3717 564 3787 in
579 3713 733 3788 homines
747 3714 951 3811 benignitate
965 3710 1123 3797 credidit,
1142 3710 1257 3782 firmas

143 3832 186 3906 ab
199 3831 358 3906 omnibus
371 3831 531 3904 custodiri
544 3831 587 3903 ad
601 3830 828 3904 obedientium
838 3828 1049 3903 securitatem
1064 3817 1254 3912 studemus,

142 3946 374 4047 quantoplus
400 3946 503 4019 studii
529 3944 690 4018 adhibere
716 3943 876 4016 debemus
904 3944 991 4014 circo
1017 3965 1183 4011 sacrorum
1208 3964 1259 4011 cc·

143 4089 266 4136 nonum
290 4078 320 4134 et
344 4061 533 4136 diuinorum
559 4061 665 4160 lcqcm
689 4059 888 4143 custodium,
919 4083 1007 4157 quae
1029 4080 1132 4155 super
1149 4053 1259 4128 salute

216 4246 269 4310 (τι)
283 4248 313 4296 ln
328 4248 401 4298 luris
423 4246 510 4299 ctotltt
525 4260 641 4312 corpore.
660 4245 784 4299 volumen
807 4245 893 4309 lecum
907 4254 1033 4308 porcum.
1053 4240 1167 4305 Lugduni
1188 4245 1256 4291 totu.

144 4325 249 4377 ttorella
267 4327 373 4391 vlcap.
388 4331 407 4379 Ι.
421 4341 474 4392 pag.
486 4335 525 4380 co.

229 4434 254 4489 u
909 4491 914 4504 ,
1157 4431 1192 4483 2⁴
