2804 5062
221 354 490 408 murtuensem.
500 351 623 407 rmssr.
636 354 714 405 nur·
725 355 756 404 m
767 355 938 406 messim.
952 356 1015 406 utu.
1031 358 1101 407 rur.
1115 358 1149 407 rr.
1180 338 1247 408 tit

152 491 232 548 stata
249 489 388 559 uatum,
404 471 476 545 sive
492 471 594 548 totius
606 471 813 570 antiquitatis
826 473 1074 571 conspiratione
1085 491 1119 546 et
1132 477 1246 574 pratri,

150 590 216 662 dre
235 589 408 663 saniorum
432 586 661 684 theologorum
687 604 721 659 et
744 587 828 660 iuris
853 588 1006 661 canonici
1033 589 1248 688 interpretum

148 702 311 776 communi
341 729 535 788 consensu,
564 701 746 800 praecipua
775 727 854 774 vero
880 729 1103 779 romanorum,
1122 704 1251 803 pontifi·

148 843 217 889 cum
249 818 369 899 iterata
396 816 548 890 doctrina
576 834 609 890 et
639 817 833 890 auctoritate
866 816 997 890 excludi
1022 818 1200 917 episcopos
1229 845 1249 890 a

148 930 213 1003 iure
234 930 388 1004 solvendi
414 931 652 1029 impedimenta
679 931 923 1011 matrimonium
941 931 1152 1016 dirimentis,
1174 933 1249 1005 inu·

149 1045 192 1117 tili
215 1046 320 1145 plane
345 1046 567 1120 coniiciuntur
591 1045 720 1131 labore,
743 1046 800 1144 qui
824 1045 944 1118 iisdem
972 1045 1052 1118 illud
1079 1046 1249 1121 vindicare

149 1161 263 1233 uellent
291 1163 380 1254 (liti).

558 1361 765 1420 sustollitis
785 1363 835 1420 lii.

156 1551 321 1629 Argumenta
339 1551 541 1628 expenduntur
553 1551 660 1627 qulbus
671 1551 812 1611 Neuteriel
824 1554 965 1628 episeopis
976 1551 1122 1613 vindicare
1136 1556 1247 1630 satege-

197 1656 263 1708 runt
279 1651 333 1708 lus
358 1650 506 1725 proprium
532 1647 682 1708 relaxandi
705 1648 899 1708 ecelesiastica
918 1648 1123 1723 impedimenta
1145 1649 1245 1709 Matri·

197 1748 327 1806 monium
349 1745 527 1805 dirimentis.

210 1969 334 2041 ttirum
356 1984 408 2042 est
426 1971 594 2068 quomodo
608 1965 641 2042 in
661 1997 696 2042 re
714 1972 798 2044 adeo
813 1969 991 2071 perspicua
1005 1983 1053 2044 tol
1071 1980 1250 2068 mulasque

154 2083 306 2180 potuerint
338 2110 499 2157 novamm
533 2111 641 2159 rerum
671 2086 785 2185 cupidi
815 2086 968 2159 tenebras
1003 2085 1176 2158 effundere
1204 2083 1248 2156 ad

152 2197 383 2271 adstruendum
413 2216 528 2274 contra
553 2226 761 2276 mmmumm
788 2201 972 2275 doctrinam
1000 2201 1053 2273 ins
1074 2200 1250 2300 episcopo

151 2339 211 2385 rum
236 2313 413 2413 proprium
438 2316 630 2390 removendi
648 2317 909 2415 impedimenta,
938 2342 1026 2415 quae
1051 2314 1180 2386 irritum
1210 2338 1249 2387 ac

149 2429 265 2506 nullum
285 2429 431 2503 reddunt
447 2431 652 2528 coniugium.
682 2434 823 2506 Istorum
843 2431 1097 2505 adinventiones
1114 2447 1251 2502 et-com·

148 2561 251 2617 uentu
269 2546 304 2617 in
322 2572 427 2618 unum
445 2545 603 2644 colligere
620 2546 763 2645 placuit,
790 2564 884 2620 ulex
904 2546 1095 2622 eorumdem
1121 2544 1251 2617 diseas

147 2657 233 2732 sione
246 2659 360 2756 magis
378 2676 491 2758 pateat
502 2687 571 2759 quo
583 2659 754 2735 abducant
765 2661 918 2736 homines
932 2660 1083 2760 alioquin
1096 2657 1247 2756 ingenio,

146 2774 325 2870 sagacitate
341 2791 442 2874 atque
459 2775 600 2849 scientia
621 2775 790 2875 praeditos
808 2774 992 2849 innovandi
1009 2774 1177 2875 pruritus,
1199 2798 1251 2844 as·

146 2888 295 2961 cunundi
310 2889 481 2975 studium,
496 2907 530 2964 et
542 2891 674 2964 unimus
696 2890 730 2962 in
743 2891 960 2990 apostolicam
973 2890 1087 2963 sedem
1102 2887 1249 2962 hostilis.

206 3002 367 3076 Nonnulli
394 3004 496 3100 igitur
520 3004 649 3078 adscito
681 3004 965 3107 atqueadoplato
996 3001 1162 3102 principio
1187 3026 1249 3082 ceu

145 3118 303 3192 axiomate
321 3134 413 3190 extra
429 3144 562 3191 omnem
575 3120 833 3196 controversiam
855 3120 985 3219 posito,
1003 3117 1094 3217 quod
1120 3146 1136 3185 u
1149 3113 1251 3212 quid„

144 3233 216 3328 qnid
242 3248 354 3332 potest
387 3232 536 3330 pontilcx
561 3233 595 3304 in
621 3233 779 3307 universo
804 3233 908 3320 orbe,
940 3233 969 3306 si
999 3258 1041 3304 ea
1071 3227 1249 3326 excipias-,2

144 3372 221 3444 quae
255 3349 357 3420 totins
392 3347 554 3420 ecelesiae
579 3365 701 3421 statum
734 3348 941 3447 respiciunt,
972 3346 1021 3418 uti
1056 3344 1133 3416 fidei
1168 3341 1249 3419 arti.-

200 3527 252 3586 loo)
269 3525 338 3583 Quid
356 3536 415 3575 rere
435 3524 529 3589 possint
542 3525 649 3589 episcopi
669 3527 790 3589 praestare
800 3525 846 3574 lunc
856 3522 881 3574 in
897 3538 923 3574 rc
942 3525 1087 3574 auctoritaie
1102 3521 1198 3586 propris
1215 3521 1249 3569 lu·

143 3605 242 3654 mlenler
262 3606 366 3668 exponit
385 3605 531 3656 Benedictus
548 3608 612 3656 xiv.
632 3606 679 3656 loc.
691 3607 733 3656 cll.
746 3611 780 3655 lc
797 3605 876 3668 primo
895 3605 986 3666 absque
1002 3603 1078 3654 dubio
1093 3595 1195 3666 possunt
1210 3601 1251 3651 di-

142 3695 246 3746 tprnsare
264 3687 296 3736 eir
316 3686 496 3749 impedimentis
521 3685 722 3748 impedientibus,
738 3687 760 3734 si
781 3689 830 3736 ires
847 3699 918 3737 casus
938 3685 1058 3748 excipies,
1082 3685 1250 3748 sponsalium,-

143 3777 198 3825 quae
211 3778 271 3815 eum
292 3766 371 3814 nilern
389 3762 448 3814 inita
465 3762 525 3825 sint,
546 3774 657 3829 quasque
672 3779 701 3814 eo
725 3764 802 3814 invito
823 3761 885 3814 solvi
904 3778 952 3814 uon
969 3765 1087 3827 possunl;
1104 3764 1155 3811 voli
1173 3752 1252 3824 ingre-⁸

144 3843 215 3894 dirndi
235 3845 395 3907 religionem,
415 3849 440 3895 el
454 3846 573 3895 castilatis
590 3850 733 3909 perpetuae,
748 3860 810 3909 quac
823 3849 879 3895 suut
895 3846 1042 3908 epistolicae
1057 3843 1109 3893 sedi
1121 3847 1250 3892 reservata.

146 3925 283 3987 dispensare
299 3927 386 3975 itidem
406 3926 489 3976 valenl
509 3926 540 3976 ab
556 3927 729 3990 impedimento
745 3927 873 3976 dirimente
889 3927 986 3974 occultu
1006 3938 1062 3973 eum
1076 3928 1135 3986 'quo
1155 3924 1251 3985 pulrlice

145 4008 288 4055 missuum
309 4008 347 4055 est
361 4005 562 4069 matrimonium,
583 4006 783 4056 concurrentibus
804 4010 884 4055 tumen
899 4019 940 4055 sex
963 4003 1165 4063 circumstantiis,
1186 4016 1252 4066 quac

146 4082 226 4134 itidem
244 4089 416 4145 necarentur,
432 4089 458 4135 el
472 4085 572 4148 qnidam
586 4099 630 4148 pro
650 4085 704 4135 loro
722 4089 818 4136 lantum
835 4087 938 4136 interno.
958 4088 1060 4134 iterium
1076 4098 1105 4132 en
1125 4076 1253 4133 rorumuni

146 4159 261 4215 deorum
278 4167 412 4228 malentis,
433 4167 565 4217 Sancheziu
579 4170 709 4230 praeeunte
719 4167 762 4216 lib.
777 4173 799 4215 t.
811 4167 874 4230 disp.
886 4171 924 4216 lo.
941 4180 965 4215 n.
978 4170 1001 4216 7.
1015 4165 1084 4228 gravi
1100 4169 1200 4227 urgente
1210 4173 1253 4214 ne·

148 4244 261 4306 andulo,
272 4245 313 4294 cui
333 4247 417 4295 nuilus
431 4246 495 4295 alius
515 4245 602 4295 modus
615 4249 728 4310 suppetat
740 4245 897 4308 occurrendi,
913 4247 1014 4309 pomum
1031 4238 1138 4308 episcopi
1154 4244 1249 4308 diapen-

150 4333 192 4370 ure
210 4324 240 4373 ab
260 4325 435 4388 impedimeulo
451 4325 549 4374 occrrlio
570 4328 701 4387 autequam
721 4325 857 4376 celebretur
879 4323 1070 4375 matrimonium.

212 4403 235 4456 ll
1154 4408 1171 4455 8
