2804 5062
261 345 330 417 801
501 367 561 418 nro.
584 367 620 416 rr.
641 366 726 417 sucu.
748 368 772 415 r.
793 367 833 416 nn
851 366 977 416 rornsr.
1000 365 1128 417 uecrru.

278 531 281 534 -
331 485 502 559 Absonum
527 510 625 585 porro
652 485 818 585 estquod
844 484 1002 572 additur,
1037 484 1292 585 impedimentis
1319 509 1357 559 eo·

259 599 458 679 closiastieis
475 599 639 674 obnoxios
664 598 733 672 lore
759 599 931 687 infideles,
953 601 982 672 si
1000 626 1060 701 per
1076 598 1290 699 baptismum
1307 599 1359 672 illo

259 742 334 791 rum
346 714 538 813 coniugium
554 714 648 788 lieret
661 732 918 801 sacramentum
936 741 1014 788 nam
1028 715 1058 788 si
1072 715 1174 814 prius
1184 715 1361 814 coniugium

259 832 295 906 in
317 830 514 906 infidelitate
534 846 740 905 contractum
768 829 917 903 validum
944 831 1025 918 suit,
1056 829 1123 904 tale
1154 856 1235 905 esse
1265 856 1362 932 perse

259 964 352 1022 verat
376 946 477 1023 etiam
504 963 580 1047 post
603 946 839 1046 baptismum,
872 972 939 1019 non
969 944 1186 1020 obstantibus
1217 945 1362 1020 ecclesie

259 1063 355 1137 stiois
390 1060 668 1163 impedimentis,
703 1059 828 1161 quibus
854 1061 889 1133 in
915 1060 1112 1135 infidelitate
1142 1061 1284 1136 obnoxii
1312 1085 1360 1134 non

259 1193 365 1253 erant.
387 1177 478 1252 llaec
493 1177 583 1250 enim
601 1176 840 1277 impedimenta
862 1202 929 1251 non
955 1176 1107 1250 afficiunt
1131 1175 1201 1251 nisi
1228 1176 1361 1277 baptu

260 1309 324 1370 tos.
343 1293 440 1381 Quod
457 1294 489 1368 si
506 1294 584 1393 quis
603 1309 721 1390 urgeat
745 1293 835 1365 iuxta
859 1292 1016 1393 superius
1041 1293 1133 1366 dicta
1160 1292 1291 1367 ratione
1312 1289 1360 1364 sal·

260 1424 327 1487 tem
352 1435 393 1483 ac
419 1425 539 1483 natura
561 1408 767 1509 baptismum
801 1406 1003 1508 praeoedere
1028 1424 1281 1481 sacramentum
1304 1431 1358 1478 ne
1384 1424 1386 1430 ’

261 1524 429 1611 trimonii,
458 1521 611 1623 adeoque
639 1524 753 1597 stetim
772 1523 980 1623 abaptismo
1005 1522 1171 1599 obnoxios
1197 1545 1355 1598 conversos

261 1637 334 1713 lieri
364 1637 603 1713 ecclesiasticis
635 1637 904 1739 impedimentis,
928 1664 1015 1738 quae
1040 1635 1173 1710 nullum
1201 1636 1354 1711 redderent

261 1755 523 1842 matrimonium,
553 1754 746 1854 reponimus
773 1752 949 1827 ecclesiam
967 1752 1010 1825 ub
1027 1753 1082 1826 his
1100 1778 1160 1828 eos
1178 1753 1352 1853 dispensare

261 1872 298 1946 iu
323 1887 400 1949 actu
426 1871 503 1972 ipso
525 1868 687 1969 baptismi
706 1885 814 1943 ratum
832 1869 961 1943 habens
984 1870 1136 1970 ipsorum
1158 1869 1349 1968 coniugium,

261 2001 361 2087 prout
382 1987 417 2058 in
441 1984 614 2060 nonnullis
635 1983 884 2083 impedimentis
901 1986 984 2059 iuris
1001 1984 1168 2059 naturalis
1185 1978 1350 2059 secundarii

261 2102 459 2204 dispensare
483 2124 663 2176 conversos
690 2102 865 2176 consuevit
888 2100 968 2174 dum
996 2118 1069 2174 rate
1090 2099 1196 2175 habet
1219 2096 1349 2195 coniugia

262 2218 357 2318 prius
373 2217 458 2292 inita
476 2218 512 2290 in
529 2216 678 2292 securulo
695 2215 869 2290 affinitatis
894 2217 1011 2314 gradu.
1037 2216 1127 2315 Ergo
1153 2217 1191 2288 iu
1216 2222 1348 2317 quadum

262 2360 329 2435 que
352 2333 534 2437 hypothesi
561 2348 651 2434 patet
675 2333 838 2408 obiectam
864 2331 1096 2406 difficultatem
1121 2355 1320 2406 evanescere.

334 2446 403 2523 llis
421 2447 578 2522 omnibus
605 2447 782 2547 perpensis
800 2445 890 2520 circa
907 2447 1083 2546 utriusque
1100 2447 1286 2521 sententiae
1298 2460 1347 2515 tun

263 2562 409 2638 rationes
435 2578 505 2636 tum
531 2561 766 2649 difficultates
789 2562 921 2636 videtur
946 2564 1148 2638 sententiam
1174 2587 1261 2662 quae
1282 2555 1348 2633 alfio

261 2694 333 2752 mat
350 2677 536 2752 infidelium
562 2703 797 2753 conversorum
823 2678 864 2751 ad
893 2677 1112 2752 christianam
1135 2677 1239 2750 fidem
1262 2674 1347 2750 eoniu-

261 2794 354 2892 gium
372 2791 415 2866 ad
433 2795 632 2867 sacramenti
655 2794 818 2868 rationem
842 2794 959 2880 evehi,
984 2793 1081 2890 longe
1105 2792 1346 2867 verisimiliorem

261 2934 303 2982 ac
328 2907 520 2984 solidiorem
545 2912 699 3009 opposita
720 2937 806 2984 esse.
834 2913 915 2983 Nem
942 2910 1106 2983 sententia
1132 2935 1260 3007 negans
1275 2904 1347 2979 unice

263 3023 332 3098 lere
357 3022 511 3097 innititur
540 3025 711 3098 doctrinae
741 3026 822 3099 Cani
856 3028 899 3100 de
931 3026 1147 3099 distinctione
1183 3023 1262 3097 reali
1285 3022 1347 3093 inter

262 3155 470 3216 contractum
494 3158 528 3215 et
552 3157 795 3217 sacramentum
821 3143 856 3214 in
883 3142 1010 3241 nuptiis
1031 3140 1252 3229 christianis,
1274 3132 1347 3212 etde

262 3255 437 3332 sacerdote
461 3257 562 3332 huius
589 3260 788 3332 sacramenti
815 3258 1096 3357 ministr03quae
1119 3256 1347 3331 doctrinarum

261 3399 303 3446 ex
324 3372 388 3460 iis,
413 3373 552 3472 quaein
571 3373 676 3473 primo
701 3372 787 3446 libro
813 3372 1089 3473 disceptavimus,
1110 3372 1168 3446 vix
1187 3388 1244 3446 aut
1260 3396 1298 3445 ne
1310 3365 1349 3439 rix

263 3487 401 3587 quidem
426 3511 447 3560 a
472 3487 608 3562 cordato
641 3487 795 3585 theologo
824 3488 873 3563 uti
907 3487 1093 3587 probabilis
1127 3515 1220 3561 nunc
1244 3478 1348 3561 adstrui

263 3603 395 3701 possit,
430 3629 570 3702 pronum
597 3619 648 3677 est
674 3603 796 3677 inferre
821 3630 894 3678 enm
927 3602 1019 3677 labili
1046 3603 1107 3675 niti
1139 3603 1346 3676 fundamento.

262 3716 384 3792 Contra
403 3743 482 3791 vero
507 3717 565 3817 qui
592 3718 793 3792 sententiam
819 3719 1041 3792 affirmantem
1063 3733 1219 3805 tuentur,
1245 3727 1350 3818 praeter

263 3860 365 3933 quarn
383 3833 473 3933 quod
492 3833 589 3931 longe
607 3833 738 3908 facilius
761 3836 804 3908 ab
825 3836 1093 3908 adversariorum
1116 3829 1349 3906 difficultatibus

263 3972 301 4021 sc
326 3948 524 4048 expediunt,
547 3949 783 4036 solidioribus,
805 3965 842 4021 ut
859 3949 956 4023 nobis
973 3947 1122 4036 videtur,
1144 3946 1350 4047 principiisse

263 4063 503 4138 communiunt.
528 4066 615 4140 lduic
640 4067 727 4139 leret
751 4064 939 4140 communis
961 4063 1195 4161 theologorum
1215 4079 1250 4137 et
1271 4079 1348 4135 eund

263 4177 427 4252 nietarum
440 4179 610 4268 doctrina,
627 4207 667 4255 ac
680 4182 714 4254 in
727 4182 878 4256 eamdem
892 4207 929 4255 se
942 4205 1146 4281 propensum
1163 4180 1247 4254 setis
1259 4187 1348 4277 aperlt

262 4293 460 4370 benedictus
468 4296 837 4397 XIV.prolitetur.lluic
847 4295 985 4396 proinde
994 4310 1027 4369 et
1037 4320 1100 4371 nos
1108 4291 1345 4394 adstipulamur-
