2828 5054
227 403 298 455 011.
312 403 348 454 ll·
363 404 403 454 ult
418 405 505 454 sect.
518 405 627 456 totns.
638 404 826 457 (1011811111.
840 409 935 458 111111.
949 409 1013 459 ota.
1027 411 1098 460 tut.
1111 408 1155 461 tv.
1214 385 1254 462 dl

148 522 261 596 butum
281 547 323 595 ac
338 536 464 595 eertum
488 539 672 611 assumere,
693 524 863 623 principes
878 525 1002 623 pollere
1015 543 1177 625 potestate
1194 530 1261 602 ori·

148 637 345 735 ginaria'ac
364 637 501 736 proprie
523 637 691 711 statuendi
712 639 951 737 impedimenta
977 643 1258 732 matrimonialia,

149 767 248 852 atque
277 752 457 827 ecelesiam
486 751 603 826 eadem
626 752 691 828 bac.
715 768 880 851 potestate
905 755 1037 854 penitus
1061 783 1137 831 esse
1158 757 1263 832 desti·

153 884 267 941 tutam.
289 868 667 966 desumunt'praeterea
683 869 860 943 ecclesiam
881 872 1035 970 coepisse
1052 872 1153 945 veluti
1172 874 1261 947 clan-

152 971 320 1056 culum'ac
335 982 457 1058 iurtive
474 984 669 1083 sensimque
686 985 761 1058 sine
777 1011 881 1058 sensu
897 986 1048 1060 eamdem
1068 1004 1262 1085 potestatem

152 1099 190 1173 ad
218 1126 257 1173 se
283 1099 417 1173 trabere
441 1110 605 1199 suamque
636 1100 769 1187 lucere,
799 1101 960 1175 confisum
991 1102 1180 1202 principum
1206 1121 1264 1184 aut

152 1214 336 1289 indolentia
353 1214 388 1287 in
406 1214 553 1314 propriis
575 1215 706 1288 iuribus
725 1216 956 1302 vindicandis,
979 1233 1038 1290 aut
1056 1242 1192 1291 suorum
1211 1220 1263 1291 iu·

152 1329 237 1403 num
256 1329 476 1427 ignoratione.
494 1330 565 1403 Nisi
587 1330 677 1403 enim
698 1331 891 1406 alterutrum
910 1349 1134 1430 supponatur,-
1154 1332 1263 1407 locum
1342 1396 1345 1403 .

151 1443 275 1518 babere
291 1445 409 1543 nequit
431 1445 552 1519 tacitus
570 1440 737 1520 eiusmodi
760 1470 958 1522 consensus.
976 1449 1025 1520 ltx
1043 1448 1099 1522 his
1120 1449 1264 1548 primum

150 1575 197 1632 est
221 1558 427 1632 iniuriosum
453 1557 684 1659 principibus,
713 1561 854 1660 perinde
880 1587 920 1636 ac
944 1563 973 1636 si
999 1588 1116 1636 omnes
1141 1563 1265 1636 luerint

152 1674 313 1748 incuriosi
341 1674 533 1773 ignorantes
559 1692 618 1749 aut
638 1675 809 1776 plumbei,
829 1677 876 1750 its
899 1693 938 1751 ut
962 1678 1027 1751 snb
1059 1679 1164 1752 oeulis
1178 1678 1263 1754 ‘suis

152 1805 347 1889 paterentur
371 1791 453 1864 tanti
479 1792 639 1865 momenti
664 1792 738 1865 iura
767 1790 833 1864 sibi
863 1792 945 1891 eripi
972 1818 1012 1864 ac
1037 1790 1150 1879 eludi,
1179 1792 1263 1893 quin

151 1922 395 2003 cognoscerent
417 1922 476 1979 aut
495 1906 716 1980 adverterent.
738 1906 886 1981 Alterum
907 1924 959 1981 est
978 1933 1191 2008 summopore
1211 1910 1263 1980 in·

153 2020 318 2094 iuriosum
339 2020 521 2108 ecclesiae,
542 2023 640 2121 quasi
663 2049 783 2121 nempe
801 2023 878 2120 ipsa
902 2022 1084 2097 calliditate
1108 2049 1148 2098 ac
1175 2025 1265 2099 irau-

151 2135 304 2211 dulentia
327 2145 392 2211 usa
420 2137 519 2211 luerit
543 2136 586 2210 ad
611 2136 723 2211 aliena
748 2137 823 2210 iura
847 2137 913 2211 sibi
940 2140 1154 2214 vindicanda.

218 2251 314 2338 Quid
334 2276 414 2325 aero
436 2269 527 2326 esset
546 2247 670 2325 callida
694 2251 779 2326 baec
803 2278 843 2326 ac
869 2253 1080 2327 fraudulenta
1101 2254 1265 2328 ecclesiae

152 2366 273 2465 agendi
303 2367 400 2453 ratio,
429 2367 495 2440 nisi
522 2394 606 2466 pura
631 2384 778 2466 putaque
803 2368 1002 2465 usurpatio,
1028 2368 1160 2467 qualem
1186 2392 1267 2444 con-

150 2484 256 2584 ceptis
284 2481 398 2556 verbis
422 2508 497 2555 eam
521 2498 697 2557 vocaverat
721 2481 917 2556 Leunoius?
946 2484 1062 2557 lderito
1088 2501 1263 2585 propterea

149 2595 297 2670 diximus
324 2596 502 2671 formulam
535 2597 622 2670 hunc
647 2622 750 2696 penes
777 2597 962 2670 neotericos
989 2596 1164 2697 regalistae
1189 2599 1264 2673 vul-

149 2729 277 2810 getam
294 2737 372 2786 osse
383 2710 654 2786 substitutionem
672 2711 715 2784 ad
733 2711 956 2809 mitigandum
975 2711 1146 2786 horrorem
1164 2739 1264 2813 quem

151 2829 242 2927 prior
262 2827 409 2901 formula
431 2827 552 2900 animis
570 2825 745 2901 catholicis
763 2826 954 2924 ingerebat,
976 2853 1011 2902 re
1030 2843 1142 2903 autem
1160 2853 1263 2929 unum

156 2941 315 3043 idemque
339 2943 542 3040 significare.
917 3004 919 3008 »

225 3060 317 3133 Sane
341 3058 433 3159 quod
458 3059 641 3133 adversarii
665 3059 730 3133 sub
747 3059 814 3133 boc
833 3060 1010 3134 verborum
1033 3059 1204 3133 involucro
1227 3083 1268 3133 ac

154 3187 349 3272 tegumento
360 3199 472 3249 veram
486 3200 527 3247 ex
540 3191 635 3273 parte
647 3174 812 3249 ecclesiae
826 3174 1010 3250 alienorum
1029 3175 1150 3248 iurium
1168 3200 1268 3248 usur·

154 3289 324 3388 petionem
343 3288 535 3386 significare
552 3289 744 3376 intendant,
766 3290 881 3389 patefit
901 3315 941 3362 ex
964 3314 1022 3376 eo,
1043 3287 1132 3388 quod
1151 3313 1267 3362 omnes

155 3401 348 3476 istiusmodi
362 3404 540 3502 scriptores
554 3403 715 3500 originem
730 3419 883 3502 repetant
895 3403 1086 3503 potestatis,
1104 3420 1162 3477 aut
1174 3430 1268 3478 exer-

155 3517 226 3591 citii
251 3517 396 3606 saltem,
424 3519 513 3620 quod
535 3520 677 3593 ecclesia
699 3521 733 3591 in
759 3520 970 3592 matrimonia
990 3519 1054 3593 sibi
1074 3519 1202 3608 tribuit,
1224 3520 1267 3595 ab

157 3634 288 3731 epocha
306 3632 399 3707 illius
419 3633 615 3709 tenebricosi
630 3635 731 3708 medii
755 3636 848 3722 sevi,
871 3637 1005 3734 quando
1024 3637 1211 3733 ignorantia
1228 3662 1268 3710 ac
1328 3630 1333 3640 ’

157 3776 259 3849 sopor
290 3750 491 3824 universalis
518 3777 634 3826 omnes
659 3752 816 3824 mortales
849 3752 1048 3851 occupabat.
1082 3754 1165 3824 Nam
1191 3750 1269 3823 licet

159 3865 243 3938 inter
273 3890 312 3938 se
345 3891 412 3937 non
444 3865 643 3938 conveniant
669 3866 703 3936 in
728 3866 981 3938 determinando
1006 3863 1267 3963 definiendoqus

158 3979 310 4076 praecise
328 3994 476 4077 tempore
494 4005 560 4080 quo
577 3978 720 4052 ecclesia
746 3980 791 4051 ita
817 4005 916 4077 agere
937 3980 1097 4078 coeperit,
1117 4005 1192 4052 cum
1211 3977 1268 4052 alii

159 4117 226 4165 soc.
242 4094 301 4164 lll.
319 4092 376 4165 alii
394 4120 462 4166 sec.
475 4095 559 4164 lllll.
577 4093 634 4165 alii
649 4093 716 4167 alio
728 4094 913 4191 contigisse
931 4094 1140 4192 confingant;
1158 4110 1268 4167 tamen

160 4207 311 4308 plerique
333 4209 548 4283 consentiunt
569 4211 601 4281 id
621 4210 772 4308 coepisse
784 4237 823 4283 cx
837 4237 904 4309 quo
920 4210 1270 4310 pseudo-isidorianae

161 4324 321 4421 epistolae
341 4325 495 4423 vulgatae
516 4342 606 4400 sunt.
626 4328 718 4400 lnter
739 4326 801 4401 bos
827 4327 960 4400 Nostius
982 4327 1108 4399 veritus
1131 4352 1197 4400 non
1219 4341 1270 4400 est

222 4469 247 4523 ll
1190 4473 1207 4523 6
