2804 5062
325 383 392 433 mr.
415 381 437 432 r.
460 384 533 433 ena.
555 383 626 433 rona
654 382 779 435 rorrsr.
802 383 926 435 rectas.
950 384 1019 435 aar.
1043 388 1077 436 n.
1216 365 1257 436 21

221 503 318 589 Quod
354 503 491 576 demum
517 503 758 577 vetustissimis
784 502 853 576 illis
883 503 1090 606 temporibus
1117 507 1183 578 iam
1208 533 1263 580 eo-

151 620 252 693 elesia
287 617 439 691 fidelium
473 619 629 717 coniugia
662 618 807 707 ritibus,
838 618 994 720 precibus
1021 619 1263 696 benedictioni-

152 735 281 834 busque
310 735 569 808 communiverit
597 734 752 835 quibus,
786 736 994 834 significaret
1027 732 1262 810 connubialem

149 850 298 923 fidelium
318 850 611 937 coniunctionem,
632 850 773 948 gratiam
794 865 909 950 utpote
925 851 1132 949 novaelegis
1150 877 1264 927 sacra·

146 980 312 1051 mentum,
342 963 511 1050 conferre,
542 965 638 1037 testis
662 981 714 1038 est
740 965 859 1038 itemm
885 965 1167 1066 locupletissimus
1185 966 1264 1040 Ter-

145 1079 309 1152 tullianus
337 1079 416 1152 dum
439 1079 512 1152 eius
536 1080 739 1182 matrimonii
764 1079 910 1154 celebrat
929 1081 1141 1170 felicitatem,
1171 1082 1261 1181 quod

146 1195 291 1269 ecelesia
316 1194 691 1282 conciliat,conl1rmat
716 1195 861 1283 oblatio,
886 1221 947 1270 seu
968 1196 1194 1270 eucharistiae
1210 1223 1261 1271 ee-

144 1310 304 1397 lebratio,
322 1328 356 1383 et
368 1310 525 1408 obsignat
541 1310 730 1385 benedictio
751 1313 840 1407 (19);
857 1312 984 1410 quique
1001 1311 1082 1385 alibi
1103 1311 1189 1386 inter
1206 1338 1262 1387 ce·

145 1444 232 1500 tems
258 1429 453 1526 nuptiarum
486 1427 569 1499 ritus
602 1426 714 1499 velum
739 1427 839 1500 etiam
872 1442 1133 1513 commemorat,
1169 1427 1260 1527 quod

144 1568 272 1641 sponsa
290 1540 333 1614 de
351 1532 536 1615 sacerdotis
557 1541 714 1615 manibus
736 1542 941 1642 accipiebat,
967 1543 1125 1642 quodque
1140 1541 1262 1615 distin·

144 1660 215 1757 guit
233 1685 255 1732 a
276 1657 353 1732 velo
368 1656 460 1756 quod
478 1657 673 1731 christianis
695 1657 885 1757 virginibus
906 1658 1065 1746 dabatur,
1088 1657 1257 1732 scribens:

146 1773 214 1844 «Bt
226 1772 456 1871 desponsatae
475 1771 613 1869 quidem
628 1771 752 1844 habent
764 1771 954 1871 exemplum
967 1772 1154 1860 Rebeccae,
1174 1797 1262 1870 quae

146 1915 222 1962 cum
241 1888 287 1960 ad
311 1913 475 1988 sponsum
496 1888 646 1984 ignotum
669 1887 783 1984 ignota
804 1886 1026 1959 duceretur...
1041 1886 1071 1958 si
1090 1902 1200 1959 autem
1217 1884 1260 1958 ad

147 2004 441 2103 desponsationem
467 2002 619 2076 velantur
640 2019 702 2075 etc.
729 2004 843 2097 (20).»
863 2000 961 2088 Quod
991 2001 1117 2075 clarius
1142 2006 1261 2099 pastea

150 2121 312 2217 expressit
330 2146 360 2191 s.
378 2117 575 2191 Ambrosius
597 2117 678 2189 dum
702 2116 767 2189 ait:
796 2117 941 2216 alpsum
960 2117 1152 2214 coniugium
1170 2114 1262 2194 vela·

147 2234 235 2306 mine
248 2231 453 2306 sacerdotali
465 2249 499 2305 et
511 2230 745 2304 benedictione
758 2230 962 2303 sanctificari
976 2245 1126 2330 oporteat
1142 2234 1256 2327 (21).»

144 2349 264 2422 Poenis
287 2373 366 2421 veru
392 2347 631 2421 ecclesiasticis
659 2346 789 2420 sancita
818 2313 944 2431 fuisses
966 2371 1053 2445 quae
1079 2346 1260 2419 constituta

145 2465 277 2538 fuerant
303 2464 395 2537 circa
420 2463 578 2560 coniugia
598 2488 638 2534 ex
665 2460 775 2534 allatis
796 2459 929 2534 concilii
951 2459 1144 2533 illiberitani
1163 2486 1261 2535 cano-

146 2581 245 2655 nibus
273 2597 426 2681 apertum
450 2578 498 2650 fit.

214 2699 258 2771 Et
276 2698 360 2771 baec
375 2698 418 2770 de
438 2697 547 2796 prima
565 2710 671 2770 aetate
688 2696 752 2769 snb
770 2696 1026 2795 imperatoribus
1045 2693 1254 2781 infidelibus

143 2813 259 2886 eadem
289 2829 401 2885 autem
424 2812 552 2885 ratione
573 2836 610 2884 se
635 2811 784 2907 gessisse
810 2809 986 2884 ecclesiam
1010 2812 1045 2882 ia
1066 2808 1173 2884 altera
1198 2836 1257 2908 pe-

144 2926 258 3014 riodo,
288 2952 376 3026 quae
400 2925 511 3024 coepit
532 2924 595 2998 sub
621 2924 879 3024 imperatoribus
908 2923 1127 3010 christianis,
1150 2924 1196 2996 ita
1222 2934 1260 2995 ut

144 3041 280 3142 propria
299 3040 516 3125 auctoritate,
540 3064 647 3138 eaque
663 3038 762 3139 plane
780 3038 1024 3139 independente
1045 3037 1087 3110 ab
1106 3039 1259 3138 ipsorum

147 3156 282 3255 politica
304 3169 467 3256 potestate
487 3154 656 3228 connubia
674 3154 860 3228 christiana
880 3153 1051 3227 moderata
1067 3153 1128 3239 sit,
1146 3150 1259 3224 adhuc

147 3270 366 3346 luculentiora
390 3271 590 3344 documenta
615 3270 783 3343 evincunt.
801 3271 884 3342 Nam
901 3269 937 3339 in
955 3266 1100 3341 concilio
1120 3285 1258 3339 neocae-

144 3386 308 3471 sariensi,
338 3383 430 3483 quod
454 3383 655 3457 celebratum
683 3399 736 3456 est
761 3398 838 3454 ante
860 3380 1040 3454 concilium
1059 3380 1254 3466 Nicaenum,

142 3517 273 3574 vetatur
296 3499 375 3571 iniri
399 3500 592 3596 coniugium
614 3524 634 3571 a
656 3496 799 3570 muliere
824 3522 898 3569 cum
931 3495 1077 3571 defuncti
1103 3495 1258 3593 coniugia

143 3616 243 3690 lratre
256 3614 322 3689 sub
335 3615 606 3688 interminatione
619 3610 973 3686 excommunicationis
991 3638 1101 3712 usque
1113 3610 1156 3684 ad
1169 3635 1259 3683 mor-

144 3748 230 3818 tem3
256 3757 368 3830 neque
392 3729 599 3829 indulgentia
621 3727 830 3828 delinquenti
853 3727 888 3799 in
913 3727 1001 3802 vitae
1026 3726 1116 3800 exitu
1139 3748 1259 3797 conce-

143 3846 254 3933 ditur,
280 3846 346 3920 nisi
369 3844 432 3919 sub
449 3871 609 3943 expressa
625 3843 834 3930 conditione,
855 3842 947 3942 quod
970 3840 999 3913 si
1023 3837 1255 3938 supervixerit,

143 3961 315 4034 rinculum
341 3961 449 4035 solvat
473 3960 640 4033 eiusmodi
667 3959 784 4032 incesti
806 3957 968 4054 coniugii.
983 3956 1034 4027 En
1053 3952 1193 4027 canonis
1211 3954 1253 4024 ll.

215 4168 267 4229 (te)
284 4166 338 4218 Lib.
351 4168 382 4217 11.
395 4165 435 4217 Ad
448 4178 517 4217 uxor
530 4178 584 4229 cap.
597 4166 663 4215 Vttt.

215 4248 269 4311 (tt)
284 4250 323 4298 De
336 4246 484 4310 rtretnttrtr
498 4243 604 4297 veland.
620 4257 673 4310 cap.
686 4245 729 4295 xl.

217 4327 269 4391 (tt)
286 4329 362 4392 Epist.
374 4329 450 4377 xvlt.
463 4325 494 4375 ad
506 4326 581 4390 Vigil.
594 4324 632 4376 ed.
644 4327 722 4376 Maur.
