<?xml version="1.0" encoding="UTF-8"?>
<!DOCTYPE html PUBLIC "-//W3C//DTD XHTML 1.0 Transitional//EN"
    "http://www.w3.org/TR/xhtml1/DTD/xhtml1-transitional.dtd">
<html xmlns="http://www.w3.org/1999/xhtml" xml:lang="en" lang="en">
 <head>
  <title>
</title>
<meta http-equiv="Content-Type" content="text/html;charset=utf-8" />
  <meta name='ocr-system' content='tesseract 3.04.00' />
  <meta name='ocr-capabilities' content='ocr_page ocr_carea ocr_par ocr_line ocrx_word'/>
</head>
<body>
  <div class='ocr_page' id='page_1' title='image "./dematrimoniochr02perrgoog_0077.png"; bbox 0 0 2804 5062; ppageno 0'>
   <div class='ocr_carea' id='block_1_1' title="bbox 149 357 1002 428">
    <p class='ocr_par' dir='ltr' id='par_1_1' title="bbox 149 357 1002 428">
     <span class='ocr_line' id='line_1_1' title="bbox 149 357 1002 428; baseline -0.012 0"><span class='ocrx_word' id='word_1_1' title='bbox 149 357 192 428; x_wconf 78' lang='lat'>72</span> <span class='ocrx_word' id='word_1_2' title='bbox 233 414 234 419; x_wconf 59' lang='grc'>,</span> <span class='ocrx_word' id='word_1_3' title='bbox 378 375 439 426; x_wconf 83' lang='grc' dir='ltr'><strong>ιιι.</strong></span> <span class='ocrx_word' id='word_1_4' title='bbox 460 375 494 425; x_wconf 87' lang='grc' dir='ltr'>ιι.</span> <span class='ocrx_word' id='word_1_5' title='bbox 515 373 601 426; x_wconf 80' lang='lat' dir='ltr'>sacr.</span> <span class='ocrx_word' id='word_1_6' title='bbox 623 372 706 422; x_wconf 85' lang='grc' dir='ltr'>ιιι</span> <span class='ocrx_word' id='word_1_7' title='bbox 732 370 856 422; x_wconf 82' lang='lat' dir='ltr'>rorasr.</span> <span class='ocrx_word' id='word_1_8' title='bbox 878 369 1002 420; x_wconf 80' lang='lat' dir='ltr'>accurs.</span> 
     </span>
    </p>
   </div>
   <div class='ocr_carea' id='block_1_2' title="bbox 131 487 1247 2889">
    <p class='ocr_par' dir='ltr' id='par_1_2' title="bbox 131 487 1243 1398">
     <span class='ocr_line' id='line_1_2' title="bbox 147 487 1242 590; baseline -0.005 -21"><span class='ocrx_word' id='word_1_9' title='bbox 147 493 310 585; x_wconf 84' lang='lat' dir='ltr'>Quoniam</span> <span class='ocrx_word' id='word_1_10' title='bbox 327 518 402 568; x_wconf 90' lang='lat' dir='ltr'>cum</span> <span class='ocrx_word' id='word_1_11' title='bbox 419 516 459 565; x_wconf 91' lang='lat' dir='ltr'>ea</span> <span class='ocrx_word' id='word_1_12' title='bbox 476 489 616 590; x_wconf 91' lang='lat' dir='ltr'>apostoli</span> <span class='ocrx_word' id='word_1_13' title='bbox 634 490 817 576; x_wconf 79' lang='lat' dir='ltr'>sancirent,</span> <span class='ocrx_word' id='word_1_14' title='bbox 834 513 920 588; x_wconf 89' lang='lat' dir='ltr'>quae</span> <span class='ocrx_word' id='word_1_15' title='bbox 936 489 980 562; x_wconf 91' lang='lat' dir='ltr'>ad</span> <span class='ocrx_word' id='word_1_16' title='bbox 999 487 1149 562; x_wconf 81' lang='lat' dir='ltr'>bdelium</span> <span class='ocrx_word' id='word_1_17' title='bbox 1162 518 1242 564; x_wconf 91' lang='lat' dir='ltr'>con-</span> 
     </span>
     <span class='ocr_line' id='line_1_3' title="bbox 147 604 1242 711; baseline -0.003 -27"><span class='ocrx_word' id='word_1_18' title='bbox 147 612 238 709; x_wconf 90' lang='lat' dir='ltr'>iugia</span> <span class='ocrx_word' id='word_1_19' title='bbox 261 610 490 711; x_wconf 80' lang='lat' dir='ltr'>pertinerent,</span> <span class='ocrx_word' id='word_1_20' title='bbox 516 630 695 705; x_wconf 89' lang='lat' dir='ltr'>eommque</span> <span class='ocrx_word' id='word_1_21' title='bbox 723 604 863 704; x_wconf 82' lang='lat' dir='ltr'>proximi</span> <span class='ocrx_word' id='word_1_22' title='bbox 889 630 1125 694; x_wconf 86' lang='lat' dir='ltr'>successores,</span> <span class='ocrx_word' id='word_1_23' title='bbox 1154 626 1242 681; x_wconf 86' lang='lat' dir='ltr'>certe</span> 
     </span>
     <span class='ocr_line' id='line_1_4' title="bbox 146 719 1240 819; baseline -0.005 -20"><span class='ocrx_word' id='word_1_24' title='bbox 146 727 237 801; x_wconf 87' lang='lat' dir='ltr'>illam</span> <span class='ocrx_word' id='word_1_25' title='bbox 251 751 316 800; x_wconf 91' lang='lat' dir='ltr'>nou</span> <span class='ocrx_word' id='word_1_26' title='bbox 328 751 369 797; x_wconf 84' lang='lat' dir='ltr'>ex</span> <span class='ocrx_word' id='word_1_27' title='bbox 380 723 443 795; x_wconf 91' lang='lat' dir='ltr'>bac</span> <span class='ocrx_word' id='word_1_28' title='bbox 456 721 661 819; x_wconf 76' lang='lat' dir='ltr'>indulgentia</span> <span class='ocrx_word' id='word_1_29' title='bbox 683 722 831 795; x_wconf 88' lang='lat' dir='ltr'>tenuisse</span> <span class='ocrx_word' id='word_1_30' title='bbox 848 719 981 794; x_wconf 89' lang='lat' dir='ltr'>dicendi</span> <span class='ocrx_word' id='word_1_31' title='bbox 999 737 1093 807; x_wconf 88' lang='lat' dir='ltr'>eunt,</span> <span class='ocrx_word' id='word_1_32' title='bbox 1110 722 1171 794; x_wconf 91' lang='lat' dir='ltr'>sed</span> <span class='ocrx_word' id='word_1_33' title='bbox 1189 726 1240 796; x_wconf 89' lang='lat' dir='ltr'>usi</span> 
     </span>
     <span class='ocr_line' id='line_1_5' title="bbox 148 835 1242 925; baseline -0.004 -9"><span class='ocrx_word' id='word_1_34' title='bbox 148 842 264 917; x_wconf 91' lang='lat' dir='ltr'>eadem</span> <span class='ocrx_word' id='word_1_35' title='bbox 289 866 364 913; x_wconf 93' lang='lat' dir='ltr'>cum</span> <span class='ocrx_word' id='word_1_36' title='bbox 387 838 528 925; x_wconf 87' lang='lat' dir='ltr'>luerint,</span> <span class='ocrx_word' id='word_1_37' title='bbox 555 836 688 912; x_wconf 88' lang='lat' dir='ltr'>nonnisi</span> <span class='ocrx_word' id='word_1_38' title='bbox 707 862 727 909; x_wconf 92' lang='lat' dir='ltr'>a</span> <span class='ocrx_word' id='word_1_39' title='bbox 744 835 875 910; x_wconf 88' lang='lat' dir='ltr'>Christo</span> <span class='ocrx_word' id='word_1_40' title='bbox 900 863 967 910; x_wconf 89' lang='lat' dir='ltr'>uua</span> <span class='ocrx_word' id='word_1_41' title='bbox 991 862 1067 908; x_wconf 89' lang='lat' dir='ltr'>cum</span> <span class='ocrx_word' id='word_1_42' title='bbox 1092 836 1242 912; x_wconf 79' lang='lat' dir='ltr'>clavibus</span> 
     </span>
     <span class='ocr_line' id='line_1_6' title="bbox 148 949 1240 1058; baseline -0.004 -28"><span class='ocrx_word' id='word_1_43' title='bbox 148 959 256 1058; x_wconf 87' lang='lat' dir='ltr'>ipsam</span> <span class='ocrx_word' id='word_1_44' title='bbox 281 980 319 1029; x_wconf 88' lang='lat' dir='ltr'>se</span> <span class='ocrx_word' id='word_1_45' title='bbox 348 953 514 1053; x_wconf 81' lang='lat' dir='ltr'>recepisse</span> <span class='ocrx_word' id='word_1_46' title='bbox 545 952 744 1025; x_wconf 87' lang='lat' dir='ltr'>iudicarunt.</span> <span class='ocrx_word' id='word_1_47' title='bbox 779 949 875 1038; x_wconf 82' lang='lat' dir='ltr'>Quod</span> <span class='ocrx_word' id='word_1_48' title='bbox 901 952 930 1025; x_wconf 88' lang='lat' dir='ltr'>si</span> <span class='ocrx_word' id='word_1_49' title='bbox 956 978 977 1024; x_wconf 94' lang='lat' dir='ltr'>a</span> <span class='ocrx_word' id='word_1_50' title='bbox 1001 952 1144 1026; x_wconf 85' lang='lat' dir='ltr'>Domino</span> <span class='ocrx_word' id='word_1_51' title='bbox 1176 979 1240 1027; x_wconf 88' lang='lat' dir='ltr'>non</span> 
     </span>
     <span class='ocr_line' id='line_1_7' title="bbox 148 1064 1242 1168; baseline 0 -27"><span class='ocrx_word' id='word_1_52' title='bbox 148 1069 371 1168; x_wconf 83' lang='lat' dir='ltr'>recepissent,</span> <span class='ocrx_word' id='word_1_53' title='bbox 400 1067 546 1167; x_wconf 88' lang='lat' dir='ltr'>prolecto</span> <span class='ocrx_word' id='word_1_54' title='bbox 572 1067 606 1138; x_wconf 94' lang='lat' dir='ltr'>in</span> <span class='ocrx_word' id='word_1_55' title='bbox 631 1092 671 1139; x_wconf 83' lang='lat' dir='ltr'>ea</span> <span class='ocrx_word' id='word_1_56' title='bbox 696 1064 761 1138; x_wconf 88' lang='lat' dir='ltr'>sibi</span> <span class='ocrx_word' id='word_1_57' title='bbox 788 1065 963 1139; x_wconf 88' lang='lat' dir='ltr'>tribuenda</span> <span class='ocrx_word' id='word_1_58' title='bbox 986 1083 1177 1154; x_wconf 81' lang='lat' dir='ltr'>errassent,</span> <span class='ocrx_word' id='word_1_59' title='bbox 1202 1092 1242 1141; x_wconf 87' lang='lat' dir='ltr'>ac</span> 
     </span>
     <span class='ocr_line' id='line_1_8' title="bbox 131 1179 1243 1281; baseline 0.003 -31"><span class='ocrx_word' id='word_1_60' title='bbox 131 1183 183 1256; x_wconf 72' lang='lat' dir='ltr'>,iu</span> <span class='ocrx_word' id='word_1_61' title='bbox 207 1181 355 1281; x_wconf 86' lang='lat' dir='ltr'>legitima</span> <span class='ocrx_word' id='word_1_62' title='bbox 379 1181 585 1281; x_wconf 77' lang='lat' dir='ltr'>principatus</span> <span class='ocrx_word' id='word_1_63' title='bbox 603 1180 676 1254; x_wconf 90' lang='lat' dir='ltr'>iura</span> <span class='ocrx_word' id='word_1_64' title='bbox 697 1180 928 1254; x_wconf 74' lang='lat' dir='ltr'>invassissent.</span> <span class='ocrx_word' id='word_1_65' title='bbox 953 1179 990 1252; x_wconf 93' lang='lat' dir='ltr'>ld</span> <span class='ocrx_word' id='word_1_66' title='bbox 1008 1180 1170 1278; x_wconf 82' lang='lat' dir='ltr'>quamsit</span> <span class='ocrx_word' id='word_1_67' title='bbox 1185 1179 1243 1253; x_wconf 89' lang='lat' dir='ltr'>ab·</span> 
     </span>
     <span class='ocr_line' id='line_1_9' title="bbox 149 1296 786 1398; baseline -0.013 -25"><span class='ocrx_word' id='word_1_68' title='bbox 149 1297 287 1374; x_wconf 79' lang='lat' dir='ltr'>surdum</span> <span class='ocrx_word' id='word_1_69' title='bbox 307 1297 450 1398; x_wconf 88' lang='lat' dir='ltr'>quisque</span> <span class='ocrx_word' id='word_1_70' title='bbox 473 1297 569 1371; x_wconf 87' lang='lat' dir='ltr'>lacile</span> <span class='ocrx_word' id='word_1_71' title='bbox 589 1296 786 1394; x_wconf 79' lang='lat' dir='ltr'>intelliget.»</span> 
     </span>
    </p>

    <p class='ocr_par' dir='ltr' id='par_1_3' title="bbox 146 1410 1247 2889">
     <span class='ocr_line' id='line_1_10' title="bbox 201 1410 1239 1511; baseline -0.001 -29"><span class='ocrx_word' id='word_1_72' title='bbox 201 1414 342 1486; x_wconf 83' lang='lat' dir='ltr'>«Notum</span> <span class='ocrx_word' id='word_1_73' title='bbox 355 1428 407 1486; x_wconf 92' lang='lat' dir='ltr'>est</span> <span class='ocrx_word' id='word_1_74' title='bbox 418 1413 652 1511; x_wconf 85' lang='lat' dir='ltr'>etiam,pergit</span> <span class='ocrx_word' id='word_1_75' title='bbox 663 1437 813 1485; x_wconf 88' lang='lat' dir='ltr'>summus</span> <span class='ocrx_word' id='word_1_76' title='bbox 826 1410 985 1510; x_wconf 82' lang='lat' dir='ltr'>pontifex,</span> <span class='ocrx_word' id='word_1_77' title='bbox 998 1410 1087 1509; x_wconf 88' lang='lat' dir='ltr'>quod</span> <span class='ocrx_word' id='word_1_78' title='bbox 1098 1410 1239 1484; x_wconf 79' lang='lat' dir='ltr'>cemlll.</span> 
     </span>
     <span class='ocr_line' id='line_1_11' title="bbox 150 1525 1244 1625; baseline -0.002 -23"><span class='ocrx_word' id='word_1_79' title='bbox 150 1527 299 1602; x_wconf 89' lang='lat' dir='ltr'>eiusdem</span> <span class='ocrx_word' id='word_1_80' title='bbox 317 1526 712 1602; x_wconf 60' lang='lat' dir='ltr'>assentiendum</span> <span class='ocrx_word' id='word_1_81' title='bbox 725 1543 794 1615; x_wconf 88' lang='lat' dir='ltr'>est,</span> <span class='ocrx_word' id='word_1_82' title='bbox 810 1553 912 1625; x_wconf 87' lang='lat' dir='ltr'>posse</span> <span class='ocrx_word' id='word_1_83' title='bbox 927 1525 1104 1602; x_wconf 87' lang='lat' dir='ltr'>ecclesiam</span> <span class='ocrx_word' id='word_1_84' title='bbox 1121 1527 1244 1600; x_wconf 87' lang='lat' dir='ltr'>consti·</span> 
     </span>
     <span class='ocr_line' id='line_1_12' title="bbox 150 1639 1244 1742; baseline -0.001 -25"><span class='ocrx_word' id='word_1_85' title='bbox 150 1660 243 1717; x_wconf 88' lang='lat' dir='ltr'>tuere</span> <span class='ocrx_word' id='word_1_86' title='bbox 263 1659 301 1716; x_wconf 88' lang='lat' dir='ltr'>ut</span> <span class='ocrx_word' id='word_1_87' title='bbox 324 1639 435 1741; x_wconf 87' lang='lat' dir='ltr'>plures</span> <span class='ocrx_word' id='word_1_88' title='bbox 457 1641 581 1741; x_wconf 75' lang='lat' dir='ltr'>gradum</span> <span class='ocrx_word' id='word_1_89' title='bbox 606 1642 788 1742; x_wconf 91' lang='lat' dir='ltr'>impediant</span> <span class='ocrx_word' id='word_1_90' title='bbox 808 1667 847 1714; x_wconf 91' lang='lat' dir='ltr'>ac</span> <span class='ocrx_word' id='word_1_91' title='bbox 871 1641 1040 1714; x_wconf 88' lang='lat' dir='ltr'>dirimant.</span> <span class='ocrx_word' id='word_1_92' title='bbox 1058 1640 1141 1714; x_wconf 88' lang='lat' dir='ltr'>Cum</span> <span class='ocrx_word' id='word_1_93' title='bbox 1167 1667 1244 1739; x_wconf 91' lang='lat' dir='ltr'>ergo</span> 
     </span>
     <span class='ocr_line' id='line_1_13' title="bbox 149 1755 1245 1858; baseline -0.002 -28"><span class='ocrx_word' id='word_1_94' title='bbox 149 1756 241 1832; x_wconf 88' lang='lat' dir='ltr'>uullo</span> <span class='ocrx_word' id='word_1_95' title='bbox 261 1781 419 1858; x_wconf 90' lang='lat' dir='ltr'>umquam</span> <span class='ocrx_word' id='word_1_96' title='bbox 439 1773 585 1858; x_wconf 91' lang='lat' dir='ltr'>tempore</span> <span class='ocrx_word' id='word_1_97' title='bbox 608 1756 729 1854; x_wconf 87' lang='lat' dir='ltr'>dogma</span> <span class='ocrx_word' id='word_1_98' title='bbox 752 1755 829 1830; x_wconf 85' lang='lat' dir='ltr'>lidei</span> <span class='ocrx_word' id='word_1_99' title='bbox 854 1755 976 1830; x_wconf 85' lang='lat' dir='ltr'>salsum</span> <span class='ocrx_word' id='word_1_100' title='bbox 1000 1782 1077 1830; x_wconf 88' lang='lat' dir='ltr'>esse</span> <span class='ocrx_word' id='word_1_101' title='bbox 1102 1756 1245 1855; x_wconf 89' lang='lat' dir='ltr'>potuerit</span> 
     </span>
     <span class='ocr_line' id='line_1_14' title="bbox 150 1871 1246 1972; baseline 0.001 -27"><span class='ocrx_word' id='word_1_102' title='bbox 150 1889 209 1946; x_wconf 84' lang='lat' dir='ltr'>aut</span> <span class='ocrx_word' id='word_1_103' title='bbox 232 1897 307 1947; x_wconf 90' lang='lat' dir='ltr'>esse</span> <span class='ocrx_word' id='word_1_104' title='bbox 331 1873 460 1972; x_wconf 87' lang='lat' dir='ltr'>possit;</span> <span class='ocrx_word' id='word_1_105' title='bbox 485 1898 623 1946; x_wconf 89' lang='lat' dir='ltr'>necesse</span> <span class='ocrx_word' id='word_1_106' title='bbox 646 1887 718 1959; x_wconf 86' lang='lat' dir='ltr'>est,</span> <span class='ocrx_word' id='word_1_107' title='bbox 747 1887 783 1945; x_wconf 92' lang='lat' dir='ltr'>ut</span> <span class='ocrx_word' id='word_1_108' title='bbox 807 1871 850 1944; x_wconf 91' lang='lat' dir='ltr'>ab</span> <span class='ocrx_word' id='word_1_109' title='bbox 875 1871 1036 1946; x_wconf 87' lang='lat' dir='ltr'>ecclesiae</span> <span class='ocrx_word' id='word_1_110' title='bbox 1059 1872 1192 1969; x_wconf 78' lang='lat' dir='ltr'>origine</span> <span class='ocrx_word' id='word_1_111' title='bbox 1214 1889 1246 1946; x_wconf 87' lang='lat' dir='ltr'>et</span> 
     </span>
     <span class='ocr_line' id='line_1_15' title="bbox 149 1986 1245 2088; baseline 0 -27"><span class='ocrx_word' id='word_1_112' title='bbox 149 1986 239 2061; x_wconf 90' lang='lat' dir='ltr'>omni</span> <span class='ocrx_word' id='word_1_113' title='bbox 261 2003 412 2062; x_wconf 90' lang='lat' dir='ltr'>anteacto</span> <span class='ocrx_word' id='word_1_114' title='bbox 436 2005 582 2088; x_wconf 90' lang='lat' dir='ltr'>tempore</span> <span class='ocrx_word' id='word_1_115' title='bbox 597 2012 713 2061; x_wconf 80' lang='lat' dir='ltr'>verum</span> <span class='ocrx_word' id='word_1_116' title='bbox 738 1987 853 2073; x_wconf 87' lang='lat' dir='ltr'>luerit,</span> <span class='ocrx_word' id='word_1_117' title='bbox 873 2002 906 2060; x_wconf 92' lang='lat' dir='ltr'>et</span> <span class='ocrx_word' id='word_1_118' title='bbox 921 1987 1010 2060; x_wconf 93' lang='lat' dir='ltr'>omni</span> <span class='ocrx_word' id='word_1_119' title='bbox 1028 1988 1245 2086; x_wconf 87' lang='lat' dir='ltr'>consequenti</span> 
     </span>
     <span class='ocr_line' id='line_1_16' title="bbox 150 2101 1246 2200; baseline 0.001 -26"><span class='ocrx_word' id='word_1_120' title='bbox 150 2115 256 2174; x_wconf 83' lang='lat' dir='ltr'>aetate</span> <span class='ocrx_word' id='word_1_121' title='bbox 276 2127 392 2175; x_wconf 84' lang='lat' dir='ltr'>verum</span> <span class='ocrx_word' id='word_1_122' title='bbox 415 2102 560 2176; x_wconf 81' lang='lat' dir='ltr'>futurum</span> <span class='ocrx_word' id='word_1_123' title='bbox 587 2102 649 2190; x_wconf 91' lang='lat' dir='ltr'>sit,</span> <span class='ocrx_word' id='word_1_124' title='bbox 678 2101 852 2176; x_wconf 91' lang='lat' dir='ltr'>ecclesiam</span> <span class='ocrx_word' id='word_1_125' title='bbox 870 2127 921 2188; x_wconf 91' lang='lat' dir='ltr'>ea,</span> <span class='ocrx_word' id='word_1_126' title='bbox 941 2125 1028 2200; x_wconf 88' lang='lat' dir='ltr'>quae</span> <span class='ocrx_word' id='word_1_127' title='bbox 1049 2101 1084 2172; x_wconf 91' lang='lat' dir='ltr'>in</span> <span class='ocrx_word' id='word_1_128' title='bbox 1105 2101 1246 2175; x_wconf 90' lang='lat' dir='ltr'>concilio</span> 
     </span>
     <span class='ocr_line' id='line_1_17' title="bbox 150 2215 1244 2317; baseline 0.001 -28"><span class='ocrx_word' id='word_1_129' title='bbox 150 2215 321 2304; x_wconf 84' lang='lat' dir='ltr'>asseritur,</span> <span class='ocrx_word' id='word_1_130' title='bbox 342 2232 504 2315; x_wconf 89' lang='lat' dir='ltr'>potestate</span> <span class='ocrx_word' id='word_1_131' title='bbox 521 2216 658 2317; x_wconf 91' lang='lat' dir='ltr'>pollere.</span> <span class='ocrx_word' id='word_1_132' title='bbox 679 2216 721 2290; x_wconf 79' lang='lat' dir='ltr'>dt</span> <span class='ocrx_word' id='word_1_133' title='bbox 742 2218 771 2290; x_wconf 92' lang='lat' dir='ltr'>si</span> <span class='ocrx_word' id='word_1_134' title='bbox 797 2218 896 2290; x_wconf 90' lang='lat' dir='ltr'>tacita</span> <span class='ocrx_word' id='word_1_135' title='bbox 914 2215 1032 2290; x_wconf 89' lang='lat' dir='ltr'>saltem</span> <span class='ocrx_word' id='word_1_136' title='bbox 1055 2216 1244 2317; x_wconf 89' lang='lat' dir='ltr'>principum</span> 
     </span>
     <span class='ocr_line' id='line_1_18' title="bbox 151 2332 1245 2433; baseline 0.003 -29"><span class='ocrx_word' id='word_1_137' title='bbox 151 2332 372 2431; x_wconf 86' lang='lat' dir='ltr'>requireretur</span> <span class='ocrx_word' id='word_1_138' title='bbox 388 2333 430 2407; x_wconf 88' lang='lat' dir='ltr'>ad</span> <span class='ocrx_word' id='word_1_139' title='bbox 447 2360 520 2407; x_wconf 89' lang='lat' dir='ltr'>eam</span> <span class='ocrx_word' id='word_1_140' title='bbox 545 2333 733 2406; x_wconf 89' lang='lat' dir='ltr'>habendam</span> <span class='ocrx_word' id='word_1_141' title='bbox 758 2348 952 2433; x_wconf 89' lang='lat' dir='ltr'>potestatem</span> <span class='ocrx_word' id='word_1_142' title='bbox 978 2333 1173 2422; x_wconf 88' lang='lat' dir='ltr'>concessio,</span> <span class='ocrx_word' id='word_1_143' title='bbox 1194 2359 1245 2407; x_wconf 86' lang='lat' dir='ltr'>se·</span> 
     </span>
     <span class='ocr_line' id='line_1_19' title="bbox 146 2446 1246 2548; baseline 0.002 -32"><span class='ocrx_word' id='word_1_144' title='bbox 146 2461 306 2542; x_wconf 89' lang='lat' dir='ltr'>queretur</span> <span class='ocrx_word' id='word_1_145' title='bbox 326 2446 408 2520; x_wconf 90' lang='lat' dir='ltr'>illud</span> <span class='ocrx_word' id='word_1_146' title='bbox 427 2447 545 2546; x_wconf 88' lang='lat' dir='ltr'>primis</span> <span class='ocrx_word' id='word_1_147' title='bbox 569 2446 731 2520; x_wconf 89' lang='lat' dir='ltr'>ecclesiae</span> <span class='ocrx_word' id='word_1_148' title='bbox 755 2446 982 2547; x_wconf 89' lang='lat' dir='ltr'>temporibus,</span> <span class='ocrx_word' id='word_1_149' title='bbox 1004 2446 1068 2520; x_wconf 86' lang='lat' dir='ltr'>sub</span> <span class='ocrx_word' id='word_1_150' title='bbox 1085 2447 1246 2548; x_wconf 82' lang='lat' dir='ltr'>principi·</span> 
     </span>
     <span class='ocr_line' id='line_1_20' title="bbox 149 2557 1246 2663; baseline 0.007 -35"><span class='ocrx_word' id='word_1_151' title='bbox 149 2557 213 2631; x_wconf 91' lang='lat' dir='ltr'>bus</span> <span class='ocrx_word' id='word_1_152' title='bbox 239 2560 395 2633; x_wconf 89' lang='lat' dir='ltr'>uimimm</span> <span class='ocrx_word' id='word_1_153' title='bbox 420 2562 575 2650; x_wconf 87' lang='lat' dir='ltr'>ethnicis,</span> <span class='ocrx_word' id='word_1_154' title='bbox 603 2589 718 2635; x_wconf 89' lang='lat' dir='ltr'>verum</span> <span class='ocrx_word' id='word_1_155' title='bbox 746 2589 822 2636; x_wconf 89' lang='lat' dir='ltr'>esse</span> <span class='ocrx_word' id='word_1_156' title='bbox 851 2590 917 2636; x_wconf 92' lang='lat' dir='ltr'>non</span> <span class='ocrx_word' id='word_1_157' title='bbox 943 2564 1113 2663; x_wconf 90' lang='lat' dir='ltr'>potuisse,</span> <span class='ocrx_word' id='word_1_158' title='bbox 1140 2589 1246 2663; x_wconf 91' lang='lat' dir='ltr'>neque</span> 
     </span>
     <span class='ocr_line' id='line_1_21' title="bbox 151 2672 1244 2779; baseline 0.008 -36"><span class='ocrx_word' id='word_1_159' title='bbox 151 2672 216 2744; x_wconf 93' lang='lat' dir='ltr'>hoc</span> <span class='ocrx_word' id='word_1_160' title='bbox 248 2689 393 2774; x_wconf 90' lang='lat' dir='ltr'>tempore</span> <span class='ocrx_word' id='word_1_161' title='bbox 420 2703 534 2749; x_wconf 83' lang='lat' dir='ltr'>verum</span> <span class='ocrx_word' id='word_1_162' title='bbox 561 2704 637 2752; x_wconf 90' lang='lat' dir='ltr'>esse</span> <span class='ocrx_word' id='word_1_163' title='bbox 667 2705 766 2777; x_wconf 90' lang='lat' dir='ltr'>posse</span> <span class='ocrx_word' id='word_1_164' title='bbox 792 2679 834 2754; x_wconf 90' lang='lat' dir='ltr'>iis</span> <span class='ocrx_word' id='word_1_165' title='bbox 865 2681 899 2750; x_wconf 92' lang='lat' dir='ltr'>in</span> <span class='ocrx_word' id='word_1_166' title='bbox 932 2678 1032 2764; x_wconf 91' lang='lat' dir='ltr'>locis,</span> <span class='ocrx_word' id='word_1_167' title='bbox 1063 2679 1244 2779; x_wconf 88' lang='lat' dir='ltr'>inquibus</span> 
     </span>
     <span class='ocr_line' id='line_1_22' title="bbox 151 2785 1247 2889; baseline 0.007 -31"><span class='ocrx_word' id='word_1_168' title='bbox 151 2785 275 2859; x_wconf 81' lang='lat' dir='ltr'>Christi</span> <span class='ocrx_word' id='word_1_169' title='bbox 294 2787 409 2864; x_wconf 87' lang='lat' dir='ltr'>fideles</span> <span class='ocrx_word' id='word_1_170' title='bbox 423 2790 547 2889; x_wconf 90' lang='lat' dir='ltr'>degunt</span> <span class='ocrx_word' id='word_1_171' title='bbox 564 2792 628 2865; x_wconf 85' lang='lat' dir='ltr'>sub</span> <span class='ocrx_word' id='word_1_172' title='bbox 646 2794 831 2866; x_wconf 88' lang='lat' dir='ltr'>infidelium</span> <span class='ocrx_word' id='word_1_173' title='bbox 845 2794 1087 2882; x_wconf 91' lang='lat' dir='ltr'>dominatioue;</span> <span class='ocrx_word' id='word_1_174' title='bbox 1108 2809 1142 2867; x_wconf 88' lang='lat' dir='ltr'>et</span> <span class='ocrx_word' id='word_1_175' title='bbox 1158 2795 1189 2867; x_wconf 90' lang='lat' dir='ltr'>si</span> <span class='ocrx_word' id='word_1_176' title='bbox 1205 2793 1247 2868; x_wconf 92' lang='lat' dir='ltr'>ob</span> 
     </span>
    </p>
   </div>
   <div class='ocr_carea' id='block_1_3' title="bbox 75 2899 1250 3462">
    <p class='ocr_par' dir='ltr' id='par_1_4' title="bbox 75 2899 1250 3462">
     <span class='ocr_line' id='line_1_23' title="bbox 152 2899 1244 3007; baseline 0.008 -35"><span class='ocrx_word' id='word_1_177' title='bbox 152 2899 311 2999; x_wconf 90' lang='lat' dir='ltr'>aliquam,</span> <span class='ocrx_word' id='word_1_178' title='bbox 325 2918 362 2975; x_wconf 93' lang='lat' dir='ltr'>ut</span> <span class='ocrx_word' id='word_1_179' title='bbox 374 2921 508 2992; x_wconf 84' lang='lat' dir='ltr'>vocant,</span> <span class='ocrx_word' id='word_1_180' title='bbox 529 2908 691 2979; x_wconf 91' lang='lat' dir='ltr'>rationem</span> <span class='ocrx_word' id='word_1_181' title='bbox 705 2909 827 2994; x_wconf 91' lang='lat' dir='ltr'>Status,</span> <span class='ocrx_word' id='word_1_182' title='bbox 844 2908 1012 3007; x_wconf 89' lang='lat' dir='ltr'>principes</span> <span class='ocrx_word' id='word_1_183' title='bbox 1026 2923 1180 2981; x_wconf 85' lang='lat' dir='ltr'>revocata</span> <span class='ocrx_word' id='word_1_184' title='bbox 1192 2934 1244 2993; x_wconf 86' lang='lat' dir='ltr'>ea,</span> 
     </span>
     <span class='ocr_line' id='line_1_24' title="bbox 75 3015 1249 3119; baseline 0.007 -33"><span class='ocrx_word' id='word_1_185' title='bbox 75 3024 78 3030; x_wconf 83' lang='grc'>’</span> <span class='ocrx_word' id='word_1_186' title='bbox 150 3039 237 3113; x_wconf 88' lang='lat' dir='ltr'>quae</span> <span class='ocrx_word' id='word_1_187' title='bbox 251 3015 453 3105; x_wconf 88' lang='lat' dir='ltr'>obtenditur,</span> <span class='ocrx_word' id='word_1_188' title='bbox 471 3018 676 3117; x_wconf 87' lang='lat' dir='ltr'>indulgentia</span> <span class='ocrx_word' id='word_1_189' title='bbox 693 3038 726 3093; x_wconf 94' lang='lat' dir='ltr'>et</span> <span class='ocrx_word' id='word_1_190' title='bbox 741 3022 974 3108; x_wconf 88' lang='lat' dir='ltr'>concessione,</span> <span class='ocrx_word' id='word_1_191' title='bbox 996 3021 1158 3119; x_wconf 83' lang='lat' dir='ltr'>abrogare</span> <span class='ocrx_word' id='word_1_192' title='bbox 1175 3046 1249 3094; x_wconf 88' lang='lat' dir='ltr'>sau·</span> 
     </span>
     <span class='ocr_line' id='line_1_25' title="bbox 150 3129 1250 3236; baseline 0.011 -36"><span class='ocrx_word' id='word_1_193' title='bbox 150 3129 216 3202; x_wconf 86' lang='lat' dir='ltr'>cita</span> <span class='ocrx_word' id='word_1_194' title='bbox 233 3129 276 3204; x_wconf 84' lang='lat' dir='ltr'>ab</span> <span class='ocrx_word' id='word_1_195' title='bbox 292 3131 434 3205; x_wconf 88' lang='lat' dir='ltr'>ecclesia</span> <span class='ocrx_word' id='word_1_196' title='bbox 450 3133 687 3232; x_wconf 88' lang='lat' dir='ltr'>impedimenta</span> <span class='ocrx_word' id='word_1_197' title='bbox 709 3136 876 3224; x_wconf 80' lang='lat' dir='ltr'>valerent,</span> <span class='ocrx_word' id='word_1_198' title='bbox 900 3136 971 3209; x_wconf 85' lang='lat' dir='ltr'>lieri</span> <span class='ocrx_word' id='word_1_199' title='bbox 989 3152 1121 3236; x_wconf 88' lang='lat' dir='ltr'>posset,</span> <span class='ocrx_word' id='word_1_200' title='bbox 1143 3153 1181 3210; x_wconf 92' lang='lat' dir='ltr'>ut</span> <span class='ocrx_word' id='word_1_201' title='bbox 1196 3162 1250 3212; x_wconf 75' lang='lat' dir='ltr'>ve</span> 
     </span>
     <span class='ocr_line' id='line_1_26' title="bbox 151 3244 1249 3352; baseline 0.009 -37"><span class='ocrx_word' id='word_1_202' title='bbox 151 3269 224 3315; x_wconf 92' lang='lat' dir='ltr'>rum</span> <span class='ocrx_word' id='word_1_203' title='bbox 241 3269 316 3319; x_wconf 87' lang='lat' dir='ltr'>csse</span> <span class='ocrx_word' id='word_1_204' title='bbox 330 3244 514 3335; x_wconf 87' lang='lat' dir='ltr'>desineret,</span> <span class='ocrx_word' id='word_1_205' title='bbox 536 3248 625 3346; x_wconf 92' lang='lat' dir='ltr'>quod</span> <span class='ocrx_word' id='word_1_206' title='bbox 639 3275 659 3320; x_wconf 95' lang='lat' dir='ltr'>a</span> <span class='ocrx_word' id='word_1_207' title='bbox 672 3248 850 3322; x_wconf 91' lang='lat' dir='ltr'>tridentino</span> <span class='ocrx_word' id='word_1_208' title='bbox 868 3249 1042 3323; x_wconf 85' lang='lat' dir='ltr'>definitum</span> <span class='ocrx_word' id='word_1_209' title='bbox 1061 3266 1125 3337; x_wconf 89' lang='lat' dir='ltr'>est,</span> <span class='ocrx_word' id='word_1_210' title='bbox 1148 3251 1249 3352; x_wconf 92' lang='lat' dir='ltr'>idque</span> 
     </span>
     <span class='ocr_line' id='line_1_27' title="bbox 151 3358 1248 3462; baseline 0.011 -33"><span class='ocrx_word' id='word_1_211' title='bbox 151 3358 292 3452; x_wconf 87' lang='lat' dir='ltr'>portenti</span> <span class='ocrx_word' id='word_1_212' title='bbox 311 3360 482 3447; x_wconf 85' lang='lat' dir='ltr'>existeret,</span> <span class='ocrx_word' id='word_1_213' title='bbox 503 3361 737 3462; x_wconf 91' lang='lat' dir='ltr'>utaliquando</span> <span class='ocrx_word' id='word_1_214' title='bbox 762 3362 939 3436; x_wconf 90' lang='lat' dir='ltr'>dicendum</span> <span class='ocrx_word' id='word_1_215' title='bbox 958 3364 1052 3452; x_wconf 80' lang='lat' dir='ltr'>locet,</span> <span class='ocrx_word' id='word_1_216' title='bbox 1072 3365 1248 3441; x_wconf 86' lang='lat' dir='ltr'>ecclesiam</span> 
     </span>
    </p>
   </div>
   <div class='ocr_carea' id='block_1_4' title="bbox 147 3663 1251 4370">
    <p class='ocr_par' dir='ltr' id='par_1_5' title="bbox 147 3663 1251 4370">
     <span class='ocr_line' id='line_1_28' title="bbox 150 3663 1248 3737; baseline 0.013 -26"><span class='ocrx_word' id='word_1_217' title='bbox 150 3673 263 3726; x_wconf 75' lang='lat' dir='ltr'>expresse</span> <span class='ocrx_word' id='word_1_218' title='bbox 274 3663 334 3715; x_wconf 82' lang='lat' dir='ltr'>baec</span> <span class='ocrx_word' id='word_1_219' title='bbox 345 3669 476 3719; x_wconf 79' lang='lat' dir='ltr'>auctoritas</span> <span class='ocrx_word' id='word_1_220' title='bbox 487 3670 616 3722; x_wconf 85' lang='lat' dir='ltr'>inducendi</span> <span class='ocrx_word' id='word_1_221' title='bbox 628 3673 799 3736; x_wconf 84' lang='lat' dir='ltr'>impedimenta</span> <span class='ocrx_word' id='word_1_222' title='bbox 816 3671 964 3723; x_wconf 77' lang='lat' dir='ltr'>dirimentis·</span> <span class='ocrx_word' id='word_1_223' title='bbox 973 3672 1089 3723; x_wconf 83' lang='lat' dir='ltr'>ecciesiae</span> <span class='ocrx_word' id='word_1_224' title='bbox 1102 3676 1248 3737; x_wconf 82' lang='lat' dir='ltr'>competat.-</span> 
     </span>
     <span class='ocr_line' id='line_1_29' title="bbox 149 3743 1250 3816; baseline 0.01 -24"><span class='ocrx_word' id='word_1_225' title='bbox 149 3743 290 3794; x_wconf 73' lang='lat' dir='ltr'>Astuooen</span> <span class='ocrx_word' id='word_1_226' title='bbox 303 3745 401 3810; x_wconf 80' lang='lat' dir='ltr'>proprio</span> <span class='ocrx_word' id='word_1_227' title='bbox 410 3747 453 3797; x_wconf 82' lang='lat' dir='ltr'>sed</span> <span class='ocrx_word' id='word_1_228' title='bbox 463 3762 492 3797; x_wconf 87' lang='lat' dir='ltr'>ex</span> <span class='ocrx_word' id='word_1_229' title='bbox 503 3750 607 3801; x_wconf 84' lang='lat' dir='ltr'>aliorum</span> <span class='ocrx_word' id='word_1_230' title='bbox 624 3753 704 3815; x_wconf 82' lang='lat' dir='ltr'>potius</span> <span class='ocrx_word' id='word_1_231' title='bbox 722 3753 840 3802; x_wconf 78' lang='lat' dir='ltr'>smteutia</span> <span class='ocrx_word' id='word_1_232' title='bbox 851 3753 1042 3815; x_wconf 74' lang='lat' dir='ltr'>vanmpeuiurn</span> <span class='ocrx_word' id='word_1_233' title='bbox 1052 3753 1250 3816; x_wconf 81' lang='lat' dir='ltr'>boecprotuiirte</span> 
     </span>
     <span class='ocr_line' id='line_1_30' title="bbox 149 3821 1251 3896; baseline 0.01 -24"><span class='ocrx_word' id='word_1_234' title='bbox 149 3821 243 3873; x_wconf 75' lang='lat' dir='ltr'>econ</span> <span class='ocrx_word' id='word_1_235' title='bbox 259 3822 356 3875; x_wconf 82' lang='lat' dir='ltr'>videtur</span> <span class='ocrx_word' id='word_1_236' title='bbox 366 3839 395 3876; x_wconf 83' lang='lat' dir='ltr'>ex</span> <span class='ocrx_word' id='word_1_237' title='bbox 406 3826 436 3876; x_wconf 83' lang='lat' dir='ltr'>iis</span> <span class='ocrx_word' id='word_1_238' title='bbox 447 3840 510 3890; x_wconf 77' lang='lat' dir='ltr'>quac</span> <span class='ocrx_word' id='word_1_239' title='bbox 521 3828 586 3879; x_wconf 85' lang='lat' dir='ltr'>idem</span> <span class='ocrx_word' id='word_1_240' title='bbox 600 3833 685 3881; x_wconf 79' lang='lat' dir='ltr'>auctor</span> <span class='ocrx_word' id='word_1_241' title='bbox 701 3832 761 3882; x_wconf 82' lang='lat' dir='ltr'>ibid.</span> <span class='ocrx_word' id='word_1_242' title='bbox 771 3833 874 3896; x_wconf 68' lang='lat' dir='ltr'>scripsit</span> <span class='ocrx_word' id='word_1_243' title='bbox 882 3832 905 3895; x_wconf 72' lang='grc' dir='ltr'>ς.</span> <span class='ocrx_word' id='word_1_244' title='bbox 916 3834 980 3882; x_wconf 83' lang='lat' dir='ltr'>xvi.</span> <span class='ocrx_word' id='word_1_245' title='bbox 994 3831 1137 3895; x_wconf 73' lang='lat' dir='ltr'>«Quidquid</span> <span class='ocrx_word' id='word_1_246' title='bbox 1150 3832 1185 3884; x_wconf 84' lang='lat' dir='ltr'>sit</span> <span class='ocrx_word' id='word_1_247' title='bbox 1198 3831 1251 3895; x_wconf 83' lang='lat' dir='ltr'>(de</span> 
     </span>
     <span class='ocr_line' id='line_1_31' title="bbox 149 3898 1248 3976; baseline 0.012 -26"><span class='ocrx_word' id='word_1_248' title='bbox 149 3898 253 3952; x_wconf 81' lang='lat' dir='ltr'>diorum</span> <span class='ocrx_word' id='word_1_249' title='bbox 269 3903 412 3967; x_wconf 68' lang='lat' dir='ltr'>menum)</span> <span class='ocrx_word' id='word_1_250' title='bbox 421 3905 468 3955; x_wconf 87' lang='lat' dir='ltr'>hoc</span> <span class='ocrx_word' id='word_1_251' title='bbox 476 3908 572 3958; x_wconf 75' lang='lat' dir='ltr'>mutiat</span> <span class='ocrx_word' id='word_1_252' title='bbox 589 3907 638 3958; x_wconf 74' lang='lat' dir='ltr'>inm</span> <span class='ocrx_word' id='word_1_253' title='bbox 649 3923 664 3960; x_wconf 81' lang='grc' dir='ltr'><strong>ι</strong></span> <span class='ocrx_word' id='word_1_254' title='bbox 674 3909 785 3973; x_wconf 81' lang='lat' dir='ltr'>pluribus</span> <span class='ocrx_word' id='word_1_255' title='bbox 799 3911 888 3961; x_wconf 83' lang='lat' dir='ltr'>seculis</span> <span class='ocrx_word' id='word_1_256' title='bbox 899 3911 1039 3972; x_wconf 80' lang='lat' dir='ltr'>ecclesiam,</span> <span class='ocrx_word' id='word_1_257' title='bbox 1050 3910 1187 3974; x_wconf 83' lang='lat' dir='ltr'>etquidem</span> <span class='ocrx_word' id='word_1_258' title='bbox 1195 3915 1248 3976; x_wconf 74' lang='lat' dir='ltr'>prt-</span> 
     </span>
     <span class='ocr_line' id='line_1_32' title="bbox 151 3979 1250 4053; baseline 0.013 -26"><span class='ocrx_word' id='word_1_259' title='bbox 151 3979 240 4030; x_wconf 82' lang='lat' dir='ltr'>octioe</span> <span class='ocrx_word' id='word_1_260' title='bbox 251 3983 278 4031; x_wconf 86' lang='lat' dir='ltr'>et</span> <span class='ocrx_word' id='word_1_261' title='bbox 291 3994 352 4032; x_wconf 81' lang='lat' dir='ltr'>cum</span> <span class='ocrx_word' id='word_1_262' title='bbox 366 3982 515 4036; x_wconf 64' lang='lat' dir='ltr'>aetutem</span> <span class='ocrx_word' id='word_1_263' title='bbox 521 3989 673 4050; x_wconf 71' lang='lat' dir='ltr'>petreium</span> <span class='ocrx_word' id='word_1_264' title='bbox 682 3989 845 4040; x_wconf 72' lang='lat' dir='ltr'>necatorium</span> <span class='ocrx_word' id='word_1_265' title='bbox 854 3988 1027 4053; x_wconf 78' lang='lat' dir='ltr'>impedimenta</span> <span class='ocrx_word' id='word_1_266' title='bbox 1036 3989 1178 4040; x_wconf 79' lang='lat' dir='ltr'>dirimentis</span> <span class='ocrx_word' id='word_1_267' title='bbox 1187 3991 1250 4041; x_wconf 81' lang='lat' dir='ltr'>iuter</span> 
     </span>
     <span class='ocr_line' id='line_1_33' title="bbox 148 4056 1249 4134; baseline 0.014 -28"><span class='ocrx_word' id='word_1_268' title='bbox 148 4056 282 4110; x_wconf 72' lang='lat' dir='ltr'>catholicos</span> <span class='ocrx_word' id='word_1_269' title='bbox 291 4061 433 4115; x_wconf 76' lang='lat' dir='ltr'>ordinasse·</span> <span class='ocrx_word' id='word_1_270' title='bbox 443 4065 514 4124; x_wconf 82' lang='lat' dir='ltr'>Quod</span> <span class='ocrx_word' id='word_1_271' title='bbox 524 4079 580 4117; x_wconf 89' lang='lat' dir='ltr'>com</span> <span class='ocrx_word' id='word_1_272' title='bbox 590 4066 702 4119; x_wconf 72' lang='lat' dir='ltr'>eddnctts</span> <span class='ocrx_word' id='word_1_273' title='bbox 714 4069 867 4120; x_wconf 82' lang='lat' dir='ltr'>documentis</span> <span class='ocrx_word' id='word_1_274' title='bbox 877 4069 1022 4120; x_wconf 82' lang='lat' dir='ltr'>ostendisset</span> <span class='ocrx_word' id='word_1_275' title='bbox 1030 4069 1156 4120; x_wconf 84' lang='lat' dir='ltr'>concludit</span> <span class='ocrx_word' id='word_1_276' title='bbox 1164 4070 1188 4134; x_wconf 80' lang='grc' dir='ltr'>ς.</span> <span class='ocrx_word' id='word_1_277' title='bbox 1197 4073 1249 4121; x_wconf 78' lang='lat' dir='ltr'>xx.</span> 
     </span>
     <span class='ocr_line' id='line_1_34' title="bbox 148 4135 1249 4213; baseline 0.014 -28"><span class='ocrx_word' id='word_1_278' title='bbox 148 4135 203 4186; x_wconf 83' lang='lat' dir='ltr'>iure</span> <span class='ocrx_word' id='word_1_279' title='bbox 218 4136 374 4192; x_wconf 71' lang='lat' dir='ltr'>tridentium</span> <span class='ocrx_word' id='word_1_280' title='bbox 390 4144 511 4207; x_wconf 68' lang='lat' dir='ltr'>quodum</span> <span class='ocrx_word' id='word_1_281' title='bbox 524 4145 663 4198; x_wconf 74' lang='lat' dir='ltr'>definivisse</span> <span class='ocrx_word' id='word_1_282' title='bbox 673 4148 800 4199; x_wconf 76' lang='lat' dir='ltr'>ecclesiam</span> <span class='ocrx_word' id='word_1_283' title='bbox 813 4149 921 4212; x_wconf 83' lang='lat' dir='ltr'>potuisse</span> <span class='ocrx_word' id='word_1_284' title='bbox 930 4151 954 4200; x_wconf 87' lang='lat' dir='ltr'>ct</span> <span class='ocrx_word' id='word_1_285' title='bbox 964 4161 1035 4213; x_wconf 83' lang='lat' dir='ltr'>posse</span> <span class='ocrx_word' id='word_1_286' title='bbox 1044 4149 1193 4200; x_wconf 83' lang='lat' dir='ltr'>constituere</span> <span class='ocrx_word' id='word_1_287' title='bbox 1205 4149 1249 4199; x_wconf 86' lang='lat' dir='ltr'>im·</span> 
     </span>
     <span class='ocr_line' id='line_1_35' title="bbox 147 4215 1250 4291; baseline 0.009 -20"><span class='ocrx_word' id='word_1_288' title='bbox 147 4215 293 4279; x_wconf 64' lang='lat' dir='ltr'>cedimis.</span> <span class='ocrx_word' id='word_1_289' title='bbox 304 4221 380 4276; x_wconf 79' lang='lat' dir='ltr'>coice</span> <span class='ocrx_word' id='word_1_290' title='bbox 389 4224 462 4276; x_wconf 82' lang='lat' dir='ltr'>verba</span> <span class='ocrx_word' id='word_1_291' title='bbox 473 4227 556 4291; x_wconf 80' lang='lat' dir='ltr'>postca</span> <span class='ocrx_word' id='word_1_292' title='bbox 565 4226 703 4277; x_wconf 67' lang='lat' dir='ltr'>sumemus.</span> <span class='ocrx_word' id='word_1_293' title='bbox 715 4231 800 4290; x_wconf 80' lang='lat' dir='ltr'>lisque</span> <span class='ocrx_word' id='word_1_294' title='bbox 811 4229 883 4280; x_wconf 79' lang='lat' dir='ltr'>nimis</span> <span class='ocrx_word' id='word_1_295' title='bbox 894 4228 1033 4281; x_wconf 78' lang='lat' dir='ltr'>teomnter</span> <span class='ocrx_word' id='word_1_296' title='bbox 1040 4227 1250 4281; x_wconf 76' lang='lat' dir='ltr'>Tamburiniunc</span> 
     </span>
     <span class='ocr_line' id='line_1_36' title="bbox 147 4295 809 4370; baseline 0.017 -25"><span class='ocrx_word' id='word_1_297' title='bbox 147 4295 244 4348; x_wconf 67' lang='lat' dir='ltr'>duduc</span> <span class='ocrx_word' id='word_1_298' title='bbox 252 4296 321 4351; x_wconf 81' lang='lat' dir='ltr'>illem</span> <span class='ocrx_word' id='word_1_299' title='bbox 331 4302 474 4355; x_wconf 62' lang='lat' dir='ltr'>mutuum</span> <span class='ocrx_word' id='word_1_300' title='bbox 484 4305 654 4370; x_wconf 70' lang='lat' dir='ltr'>vir-mptum</span> <span class='ocrx_word' id='word_1_301' title='bbox 663 4305 809 4358; x_wconf 79' lang='lat' dir='ltr'>tribuerunt.</span> 
     </span>
    </p>
   </div>
   <div class='ocr_carea' id='block_1_5' title="bbox 0 0 1408 5062">
    <p class='ocr_par' dir='ltr' id='par_1_6' title="bbox 0 0 1408 5062">
     <span class='ocr_line' id='line_1_37' title="bbox 0 0 1408 5062; baseline 0 0"><span class='ocrx_word' id='word_1_302' title='bbox 0 0 1408 5062; x_wconf 95' lang='lat' dir='ltr'> </span> 
     </span>
    </p>
   </div>
  </div>
 </body>
</html>
