2804 5062
214 377 340 429 meru.
351 377 391 428 nr
404 376 491 428 recu.
506 378 722 430 norreamsr.
736 379 954 433 tuisruina.
969 382 1032 435 nra.
1044 384 1113 435 aar.
1128 389 1150 438 1.
1205 367 1248 438 t‘t

150 495 246 570 tribus
267 522 350 569 num
374 496 481 570 satius
503 513 593 572 esset
613 499 802 600 episcopis,
827 527 928 600 quam
949 527 1080 576 summo
1101 505 1251 601 pontifici

145 610 330 686 facultatem
365 611 499 686 laxandi
536 613 776 712 impedimenta
811 642 1003 705 reservare,
1038 618 1251 717 potissimum

145 725 217 800 lias
243 725 298 798 tv.
324 751 434 826 aequo
454 726 568 801 animo
589 729 849 818 assentiebatur,
870 747 906 804 ut
923 733 1194 829 consanguinitas
1217 735 1257 807 in.

143 857 255 940 quarto
283 840 414 938 gradu,
444 841 526 941 quia
552 841 776 941 frequentior,
804 871 824 917 a
849 845 1031 944 pontificiis
1057 848 1254 922 reservatio·

143 955 236 1030 nibus
254 955 448 1044 tolleretur,
470 972 503 1030 et
523 958 756 1057 episcoporum
776 960 914 1036 arbitrio
931 962 1186 1059 permitteretur.
1212 963 1254 1037 At

141 1069 269 1170 syuodo
281 1071 392 1168 magis
409 1069 535 1171 placuit
551 1074 717 1148 sententia
734 1074 777 1145 ll.
795 1075 928 1149 Antonii
941 1076 1074 1152 Bobbae
1086 1076 1254 1174 Augustae

142 1187 329 1261 Praetoriae
350 1186 501 1287 episcopi
526 1204 559 1262 et
583 1188 771 1264 Sabaudiae
803 1190 900 1266 ducis
930 1190 1055 1288 legati,
1090 1192 1149 1291 qui
1180 1193 1256 1265 ani-

143 1302 317 1376 maduertit
338 1301 409 1378 lore
425 1317 479 1391 ut,
502 1303 581 1378 data
598 1305 767 1406 episcopis
785 1306 849 1380 bac
867 1306 1038 1396 facultate,
1054 1307 1158 1382 multo
1172 1307 1254 1382 laci·
1359 1351 1363 1359 ·

143 1417 206 1492 lius
226 1433 261 1492 et
286 1417 516 1518 frequentius,
537 1420 627 1520 quod
653 1438 782 1519 patrum
809 1423 920 1498 studio
950 1439 981 1497 et
1006 1423 1176 1523 proposito
1198 1422 1253 1496 ad·

143 1532 364 1621 versabatur,
394 1533 588 1609 huiusmodi
614 1536 733 1610 ueniae
753 1538 1013 1613 concederentur
1033 1541 1098 1634 (Ἰ).

211 1647 316 1722 Haud
341 1645 447 1722 multo
473 1664 550 1747 post
572 1650 706 1724 concilii
732 1652 900 1726 tridentini
925 1653 1180 1727 celebrationem
1202 1653 1256 1726 ius

145 1762 384 1862 inpedimenta
409 1764 609 1839 matrimonii
636 1767 827 1841 removendi
854 1784 981 1841 tantum
1007 1769 1042 1840 ia
1068 1793 1150 1841 rom.
1175 1792 1259 1866 pon·

147 1878 230 1952 tilica
257 1878 377 1977 reipsa
401 1897 608 1976 agnoverunt
624 1881 766 1956 concilia
784 1899 962 1957 turonense
980 1883 1030 1956 tit.
1049 1883 1105 1954 lX.
1125 1882 1169 1955 de
1185 1906 1258 1954 ma·

147 1994 301 2070 ononis
313 2011 349 2068 et
365 1995 552 2070 tolosanum
571 2013 656 2096 part.
675 1999 718 2070 11.
735 2023 809 2097 cap.
831 1997 916 2069 Vlll.
938 2000 1010 2092 (8);
1031 2022 1173 2097 quorum
1192 1994 1259 2096 ple

145 2111 237 2212 uque
249 2127 366 2211 patras
378 2111 521 2187 concilio
534 2111 712 2187 tridentino
726 2112 956 2198 interfuerunt,
969 2111 1121 2211 adeoque
1128 2111 1256 2211 optime

147 2242 307 2301 noremnt
331 2227 416 2326 quid
441 2227 552 2327 ipsum
578 2227 613 2300 in
639 2226 707 2301 illis
728 2226 853 2325 regulis
871 2226 1043 2302 tradendis
1064 2226 1253 2300 intenderit.

147 2340 359 2444 Quapropter
375 2342 455 2418 Pius
471 2343 525 2415 vl.
547 2341 666 2417 litteris
682 2342 772 2416 datis
793 2342 848 2417 die
869 2345 927 2415 26.
948 2340 1125 2421 Novembr.
1147 2343 1253 2414 1786.

147 2457 230 2530 inter
253 2471 386 2531 ceteros
411 2455 517 2556 Eybel
542 2482 671 2531 errores
696 2472 729 2530 et
754 2455 845 2530 bunc
868 2456 1090 2557 proscripsit,
1119 2455 1257 2555 diepam

148 2571 316 2645 monum
334 2570 576 2646 reservationes
603 2570 770 2645 indebitas
796 2595 871 2645 esse
896 2585 996 2670 atque
1021 2570 1190 2670 episcopis
1208 2570 1260 2643 iu·

149 2686 295 2762 iariosas
323 2688 388 2783 (9).
1227 2752 1230 2757 .

216 2799 261 2875 Et
287 2798 375 2875 baec
398 2800 441 2874 de
465 2802 573 2901 prima
590 2800 806 2900 probatione;
831 2827 919 2874 nunc
946 2815 1092 2899 praestat
1113 2799 1264 2899 idipsum

151 2931 347 3014 argumento
370 2942 393 2989 o
407 2917 601 3014 portorium,
631 2941 693 2990 seu
723 2941 764 2988 ex
790 2915 886 2989 lactis
911 2914 1119 2989 confirmare.
1142 2913 1265 2998 Quam·

151 3031 199 3103 ris
220 3055 325 3129 porro
345 3028 460 3129 aliquo
478 3055 581 3102 sensu
606 3054 720 3102 verum
747 3029 791 3102 sit
816 3029 934 3128 primis
960 3027 1122 3102 ecclesiae
1139 3025 1262 3099 seculis

152 3143 352 3218 manacta
375 3144 567 3219 istiusmodi
591 3143 831 3217 relaxationum
851 3170 917 3217 nou
936 3143 1092 3243 reperiri,
1118 3156 1264 3214 attamen

152 3258 264 3356 negari
292 3257 384 3330 baud
406 3284 507 3357 posse
524 3257 677 3343 videtur,
702 3282 816 3330 aarum
834 3256 978 3354 uestigia
996 3280 1063 3328 non
1085 3253 1206 3327 deesse
1229 3253 1265 3325 in

153 3373 379 3448 remotissima
400 3372 600 3471 antiquitate
624 3371 654 3444 si
681 3371 782 3444 fidem
808 3369 1022 3466 adiungimus
1041 3369 1084 3442 iis
1109 3394 1197 3468 quae
1221 3369 1265 3441 ad

152 3513 179 3561 s.
206 3486 407 3561 bnselmum
432 3486 548 3561 scribit
572 3485 747 3560 Pascbalis
768 3488 812 3558 ll.
834 3485 892 3585 qui
919 3483 1050 3559 illarum
1072 3483 1261 3582 originem,

152 3601 269 3678 saltem
287 3603 324 3675 in
341 3628 463 3700 genere
484 3601 527 3676 ab
548 3600 732 3702 apostolica
755 3602 831 3700 ipsa
850 3601 968 3700 repetit
992 3617 1100 3676 aetate
1126 3598 1260 3673 dicans:

217 3773 254 3834 (7)
269 3768 312 3821 cl.
324 3770 466 3821 Palaeotunr
477 3769 504 3820 in
516 3773 575 3821 Act.
585 3782 657 3821 conc.
670 3769 733 3820 trtd.
746 3768 782 3820 ud
792 3768 862 3820 dtem
874 3773 911 3821 17.
919 3771 1031 3832 Auourtt
1046 3781 1086 3819 an.
1102 3773 1169 3819 loca.
1179 3768 1205 3816 et
1214 3764 1269 3817 Pul-

154 3849 297 3901 latlsiniurn
313 3851 386 3900 out.
402 3862 475 3900 conr.
491 3849 556 3901 trtd.
566 3848 610 3901 llh.
625 3851 714 3900 xxlll.
728 3851 757 3899 0.
773 3851 815 3899 lx.
829 3861 854 3898 n.
869 3852 905 3900 rt.
919 3848 1006 3899 Deroti
1017 3847 1065 3897 loc.
1078 3845 1120 3896 cit.
1135 3858 1160 3895 n.
1173 3848 1197 3896 7.

218 3930 255 3991 (a)
271 3929 348 3992 Apud
362 3927 484 3979 Hardoin.
495 3931 562 3981 Acta
570 3929 664 3980 cuncti.
676 3930 736 3978 tom.
749 3930 780 3978 Χ.
792 3928 840 3978 col.
856 3932 923 3978 14⁰5.
934 3930 960 3978 et
972 3930 1039 3978 1824.

219 4007 255 4070 (9)
271 4006 314 4059 cl.
329 4006 496 4073 ΙαιιιωΙιίιιω
512 4006 589 4071 inop.
600 4005 767 4070 pseudonymo
783 4005 962 4057 caetratae
977 4006 1063 4054 contra
1077 4005 1201 4053 auctorem
1211 4016 1272 4067 opu·

150 4086 222 4137 ruli:
232 4084 304 4145 Qutd
312 4087 353 4136 ert
361 4086 457 4151 Papa?
465 4098 506 4137 aa.
518 4090 649 4150 ὓδωρ.
656 4088 700 4137 111.
708 4085 747 4150 §§.
756 4093 792 4136 tr.
803 4095 840 4137 ta.
854 4093 892 4137 te.
903 4097 949 4135 nec
958 4096 1007 4134 uon
1017 4086 1112 4134 auctor.
1120 4095 1273 4147 anonymum

154 4168 355 4218 meatim
373 4179 429 4231 qua
438 4165 592 4229 defendam
607 4179 673 4218 rom.
683 4166 815 4230 poattficts
825 4167 971 4217 sectantes
982 4165 1010 4215 tn
1020 4162 1207 4228 tmpedtateata
1215 4175 1271 4213 rao·

154 4248 310 4298 &tuomum
325 4244 642 4297 emaculandum
658 4245 692 4316 in
702 4246 823 4297 Truttato
837 4243 881 4295 del
896 4244 1064 4295 murimonte
1080 4243 1142 4307 part
1153 4239 1219 4304 11.§.
1233 4247 1271 4292 rc.

151 4324 308 4376 muriam
319 4323 346 4374 ia
357 4324 441 4388 opu
450 4325 531 4375 storto
540 4321 778 4375 tdecroddrtzzute.
789 4321 890 4386 Fultgnu
902 4325 970 4375 1784.
980 4322 1085 4385 canllt.
1092 4323 1272 4385 paatctseqq,
