2804 5062
220 391 497 446 manuninum.
512 392 726 476 rorusrnrsr.
740 393 1030 449 turnewane.
1048 395 1151 448 anni.
1206 377 1249 447 95

155 513 198 586 sia
221 515 287 585 iam
308 510 465 611 publicae
489 511 714 610 poenitentiae
729 510 927 587 addixerant
943 513 1185 613 Theutbergam
1200 543 1251 589 re·
1339 578 1343 585 .

150 629 250 726 ginam
276 628 380 701 veluti
405 627 525 701 ineesti
552 652 667 715 ream;
698 643 775 726 post
797 627 926 728 aliquot
953 655 1088 704 menses
1113 631 1247 704 tertium

148 744 321 818 eoncilium
340 744 467 842 pariter
490 741 756 842 aquisgranense
774 744 842 841 regi
860 745 1016 819 lotharie
1033 744 1195 833 indulsit,
1214 761 1252 821 ut

147 861 317 960 repudiata
348 858 557 957 Tentberga,
585 858 800 932 Wnldradam
825 861 962 934 uxerem
999 859 1134 936 duceret
1149 878 1164 951 ,“
1187 887 1249 938 nee

144 976 238 1049 diam
258 976 473 1050 anuntiare
487 974 563 1048 tulit
578 972 758 1047 concilium
778 976 927 1049 metense
951 976 1078 1051 Nieelai
1096 978 1125 1049 l.
1139 978 1251 1054 viussu

142 1106 360 1165 mureeatum
386 1117 443 1163 an.
460 1091 542 1163 tte.
564 1088 661 1175 Quod
682 1114 760 1164 enm
785 1091 971 1192 accepisset
986 1093 1254 1183 Nieelaus,eea··

142 1221 193 1278 eto
213 1205 337 1303 eodem
359 1205 690 1280 mantuanense
711 1205 853 1281 eoncilia
874 1206 1097 1282 suhiuitium
1121 1208 1253 1284 mensis

143 1320 359 1408 novembris,
383 1347 451 1397 non
477 1321 576 1395 mede
605 1320 725 1394 horum
753 1323 903 1397 omnium
935 1324 1151 1399 conciliorum
1175 1339 1250 1399 aeta

142 1435 308 1523 irritavit,
337 1435 399 1509 sed
429 1450 601 1535 praeterea
628 1435 791 1534 dignitate
815 1438 1000 1538 episcopali
1013 1439 1124 1540 plane
1147 1437 1252 1513 desti·

144 1550 200 1625 tuit
221 1550 505 1651 archiepiscopos
529 1551 758 1626 Treuirensem
782 1571 815 1628 et
832 1554 1083 1643 coloniensem,
1096 1549 1251 1628 Waldra-

143 1665 216 1740 dam
246 1667 594 1740 exeommunicatioue
617 1666 812 1756 muletavit,
833 1668 966 1770 aliaque
983 1695 1115 1744 summo
1134 1669 1250 1768 rigere

144 1781 329 1881 praestitit,
356 1797 394 1855 ut
418 1782 609 1880 eoniugium
634 1782 824 1857 Letharii
810 1809 886 1858 eum
917 1782 1142 1926 Theutberga
1152 1783 1249 1860 resti-

145 1914 289 1972 tueretur
317 1898 406 1993 (25)
932 1925 935 1928 ’

206 2015 265 2088 Sie
290 2013 392 2087 etiam
418 2013 595 2111 Gregorius
619 2015 656 2087 V
686 2041 741 2088 an
772 2017 893 2087 9989
885 2013 919 2087 r'n
944 2014 1085 2090 coneilio
1110 2037 1249 2088 romano

144 2128 320 2202 anathema
341 2127 463 2202 inflixit
481 2127 705 2205 Ermanbaldo
725 2128 978 2230 archiepiscopo
1002 2107 1184 2203 turonensi
1193 2153 1249 2202 ee·

145 2244 289 2344 terisque
319 2242 504 2344 episeopis,
532 2244 591 2344 qui
616 2243 758 2319 doberto
789 2245 985 2320 franeorum
993 2245 1075 2346 regi
1101 2239 1248 2317 inculta·

145 2376 204 2431 tem
228 2359 405 2445 fenerant,
433 2373 472 2432 ut
487 2357 629 2432 Berthae
653 2361 924 2457 consanguineae
943 2356 1105 2449 nuberet,
1132 2339 1249 2463 distri·

143 2491 257 2574 tteque
271 2473 465 2572 praecepit,
483 2489 522 2546 ut
535 2475 693 2573 coniuges
707 2493 960 2575 separarentur,
976 2501 1101 2577 eosque
1119 2458 1246 2575 septem

142 2613 303 2663 annorum
320 2589 545 2688 poenitentiae
563 2589 718 2689 publicae
732 2590 874 2665 subiecit
890 2593 978 2688 (26).
996 2590 1070 2665 Alia
1086 2588 1247 2666 nonnulla

142 2704 305 2780 eiusmodi
328 2702 482 2804 exempla
498 2704 632 2780 silentio
649 2721 839 2805 praetereo,
855 2707 890 2779 in
911 2706 1036 2808 quibus
1056 2731 1140 2781 rom.
1162 2731 1247 2807 peu·

144 2821 249 2895 tiiiees
266 2843 405 2894 sereres
415 2845 462 2893 se
478 2819 702 2894 exhibuerunt
717 2822 752 2894 iu
771 2846 937 2897 canonum
957 2822 1067 2920 rigore
1084 2818 1247 2896 seruando

145 2937 251 3036 quoad
283 2935 443 3033 coniugia
468 2961 544 3010 eum
570 2935 685 3037 aliquo
712 2936 793 3011 inita
818 2937 1076 3039 impedimento,
1104 2936 1188 3011 adeo
1210 2951 1248 3010 ut

140 3067 331 3127 mnsmnter
356 3050 522 3144 eiusmodi
547 3052 741 3152 nuptiarum
769 3052 966 3128 solutionem
992 3068 1159 3151 urgerent.

207 3167 353 3243 Constat
373 3167 474 3265 igitur
498 3168 570 3243 sive
594 3194 616 3240 a
636 3170 745 3267 priori
768 3169 842 3243 sive
865 3195 887 3242 a
908 3169 1083 3268 posteriori
1089 3221 1099 3252 ,
1127 3163 1248 3265 nempe

142 3298 204 3355 tum
227 3286 303 3356 iure
327 3298 399 3356 tum
416 3284 521 3382 saeta,
545 3301 644 3383 prout
663 3285 919 3372 constituimus,
942 3307 1042 3383 posse
1064 3305 1147 3356 rom.
1168 3305 1248 3380 pon·

143 3398 261 3472 tifieem
283 3423 347 3497 pro
368 3424 526 3499 suprema
544 3426 608 3474 aua
624 3400 663 3489 ¹iu
677 3400 819 3475 eeclesia
842 3399 1038 3474 auctoritate
1050 3396 1248 3497 dispensare

143 3513 170 3584 iu
196 3512 451 3615 impedimentis
483 3513 730 3589 matrimonium
762 3511 1021 3602 dirimentibus,
1048 3512 1151 3612 idque
1177 3527 1247 3586 tum

143 3628 250 3727 quoad
275 3629 490 3704 matrimonia
507 3629 574 3704 iem
593 3645 785 3718 eontracta,
815 3645 884 3705 tum
904 3629 1015 3731 quoad
1038 3627 1150 3703 adhue
1169 3652 1247 3701 eon·

144 3743 304 3817 trahenda
329 3746 418 3840 (tt).

204 3876 257 3940 (25)
272 3875 313 3926 ct.
330 3877 418 3927 Barea.
436 3876 634 3931 assentaneus.
652 3879 683 3930 ad
700 3891 740 3929 au.
754 3886 807 3930 est.
825 3892 849 3930 n.
861 3881 951 3931 xvltt.
969 3888 1168 3942 sesquatorum
1183 3875 1248 3926 netis

143 3956 204 4020 Pagi.
217 3955 257 4007 et.
272 3956 439 4021 impetunt.
457 3958 576 4011 Alexand.
589 3957 649 4013 dus.
661 3960 702 4010 tx.
715 3959 741 4009 in
751 3971 799 4010 see.
812 3961 855 4010 tx.
865 3961 890 4010 et
903 3960 934 4010 x.
948 3960 985 4011 De
1000 3956 1114 4008 dtnertte
1131 3954 1248 4007 lettard

143 4037 204 4097 reeta
217 4036 245 4086 et
262 4033 442 4100 statuesque
453 4041 568 4107 raptatae.

203 4114 258 4178 (te)
271 4115 312 4166 ct
329 4116 386 4166 ttat.
404 4115 536 4168 statanor
553 4118 622 4169 Htst.
635 4115 725 4170 eccla.
737 4129 786 4169 see
801 4119 843 4168 lx
858 4117 923 4168 etx
936 4115 983 4168 art
995 4116 1070 4167 xxv.

206 4194 258 4258 (27)
270 4194 309 4245 ct.
327 4194 360 4246 de
374 4196 429 4247 tete
442 4195 490 4249 hee
504 4198 648 4261 ammento
662 4195 758 4248 tuder.
774 4195 962 4248 Thomsdnum
988 4196 1065 4247 Μαι
1078 4193 1128 4246 et
1120 4205 1189 4246 anan
1209 4191 1248 4244 dt·

146 4273 251 4338 neptun
265 4278 328 4325 tom
342 4276 374 4327 tt.
391 4275 434 4328 uu.
447 4276 490 4328 111.
508 4288 578 4340 neap
593 4277 680 4328 xxlx
692 4275 723 4326 ad
739 4276 825 4338 xxx,
839 4274 882 4326 uhi
897 4287 948 4328 rem
964 4275 1032 4376 naue
1041 4272 1073 4327 de
1087 4270 1244 4369 domante

146 4352 210 4406 ribus
221 4354 272 4408 tete
284 4356 374 4409 vemt.
