2804 5062
330 130 401 180 aar.
419 128 444 179 ι.
460 127 537 179 asu.
555 127 774 179 uterentur.
797 127 924 180 secans.
941 129 1013 181 ιιι.
1029 131 1076 182 ιιι.
1215 112 1262 187 ιι

10 284 46 332 ss
150 253 213 325 soro
229 267 373 326 externo
388 246 529 348 aliquod
546 247 741 345 coniugium
768 263 939 348 nmquam
964 247 1175 347 illegitimum
1199 253 1261 329 ba-

10 377 37 453 Ι,
148 368 263 441 beatur
280 392 321 440 ιο
343 364 495 451 irritum,
519 389 595 438 cum
619 378 729 437 tamur
754 363 788 435 in
816 363 980 439 ecelesiae
1003 366 1075 440 foro
1092 392 1132 440 ea
1149 369 1263 445 omnin

10 494 60 571 ,Ι
147 497 370 568 οοιιοιιιιιιιι,
407 506 496 580 quae
520 479 563 554 ad
588 479 737 555 validum
769 506 811 555 ιο
838 479 1024 578 legitimum
1057 483 1260 561 connubium

10 638 28 689 t
54 578 59 657 Ι
149 596 418 671 consumendum
445 594 663 694 requiruntur
685 620 726 669 ιο
751 595 933 670 sufficiunt.
960 599 1030 671 lam
1055 624 1135 672 vero
1153 600 1188 671 in
1205 600 1261 674 bis

54 702 57 707 ¹
147 741 254 788 rerum
275 712 449 787 adiunctis
474 711 511 784 in
536 711 661 811 quibus
680 712 792 810 agitur
817 712 860 787 de
884 713 1060 790 honestate
1084 716 1136 790 vel
1162 716 1263 792 inbo-

12 906 22 916 ,
57 864 60 869 ·
146 847 276 903 nestatc
299 854 452 915 morum,
474 828 592 928 eequis
610 828 678 902 nisi
698 828 843 902 ecclesia
860 830 981 928 poterit
996 858 1134 905 causam
1152 834 1261 934 inspi-

61 964 65 1013 3
147 973 240 1034 cere,
260 944 532 1044 sententiamque
556 944 722 1044 proferre,
742 961 854 1018 utrum
871 946 1042 1021 vinculum
1060 949 1182 1024 existat
1198 975 1261 1025 nec

16 1115 21 1134 ι
148 1090 206 1149 ιιι,
238 1061 394 1162 adeoque
417 1060 510 1134 licita
533 1061 587 1134 vel
613 1059 731 1134 illicita
748 1063 794 1135 sit
810 1088 1050 1161 personarum,
1071 1063 1114 1138 de
1136 1065 1262 1165 quibus

10 1214 27 1261 ·,
150 1179 274 1275 agitur,
294 1173 520 1274 congressio?

72 1376 75 1383 Ι
214 1291 289 1389 Age
309 1315 415 1378 vero,
438 1290 469 1364 si
491 1290 683 1387 coniugium
709 1308 808 1390 prout
832 1309 1078 1366 sacramentum
1099 1310 1167 1382 est,
1195 1292 1260 1369 soli

10 1456 27 1467 -
72 1392 76 1457 Ϊ
152 1406 313 1481 ecelesiae
327 1405 498 1480 aCbristo
521 1406 748 1480 concreditum
772 1425 840 1495 est,
872 1407 937 1482 boc
959 1409 1035 1508 ipso
1059 1424 1191 1484 constat
1206 1436 1263 1486 so·

10 1569 25 1581 -
153 1521 213 1595 lam
229 1521 413 1597 eeclesiam
431 1522 485 1596 ius
501 1520 625 1596 bebere
641 1523 677 1594 in
694 1523 842 1621 coniugii
866 1524 1042 1598 christiani
1064 1524 1258 1612 vinculum,

151 1637 236 1738 quod
253 1638 288 1712 ei
307 1637 464 1711 intimum
483 1654 536 1712 est
553 1663 594 1712 nc
614 1637 780 1726 inhaeret,
808 1655 976 1738 quatenus
994 1655 1261 1714 exsecramenta

154 1755 294 1851 exurgit.
325 1754 501 1854 Principes
535 1754 662 1829 idcirco
692 1753 817 1826 nullam
849 1769 992 1852 possunt
1017 1752 1082 1826 sibi
1112 1753 1148 1825 in
1178 1751 1261 1828 illud

152 1868 378 1943 auctoritatem
403 1868 595 1956 vindicare,
624 1868 774 1968 alioquin
801 1868 1001 1964 attingerent
1017 1883 1262 1943 sacramentnm

149 1985 280 2083 ipsum,
306 2010 449 2086 remque
474 2009 611 2083 prorsus
637 1983 847 2083 spiritualem
865 1999 965 2085 atque
982 1984 1166 2071 internam,
1187 1984 1261 2058 sive

150 2100 388 2177 conscientiae.

67 2306 70 2313 Ι
214 2219 260 2292 At
283 2218 396 2315 magis
412 2216 513 2291 etiam
534 2216 660 2290 directe
684 2216 917 2302 ostendimus,
948 2215 1159 2316 principibus
1179 2214 1262 2290 civi·

67 2330 70 2337 ’
151 2334 235 2408 libus
263 2331 485 2408 nullomodo
519 2331 608 2405 hanc
638 2334 673 2406 in
702 2332 872 2407 vinculum
902 2331 1052 2430 coniugii
1085 2330 1263 2405 christiani

66 2454 69 2535 Ϊ
152 2464 347 2550 potestatem
368 2447 548 2522 convenire
570 2473 684 2546 posse.
710 2446 859 2521 Profecto
880 2449 910 2521 si
936 2448 1027 2546 quod
1054 2447 1120 2546 ipsi
1147 2445 1202 2520 ius
1227 2445 1262 2518 in

65 2556 69 2633 ζ
151 2563 320 2638 vinculum
335 2561 515 2650 baberent,
530 2560 700 2636 vinculum
718 2562 831 2660 ipsum
848 2562 1051 2636 matrimonii
1066 2588 1132 2636 non
1145 2575 1263 2662 quate-

64 2726 67 2769 ,
151 2705 209 2752 nus
233 2705 277 2752 ex
297 2693 511 2753 sacramento
533 2692 608 2765 est,
636 2677 697 2750 sed
720 2693 887 2776 quatenus
912 2703 953 2750 ex
974 2703 1066 2751 mero
1091 2689 1263 2752 contractu
1328 2746 1332 2754 .

64 2776 67 2785 ¹
151 2794 218 2868 sive
234 2791 386 2867 naturali
403 2792 477 2867 sive
493 2790 585 2866 civili
602 2792 755 2891 profluit,
776 2793 992 2892 respicerent.
1008 2793 1140 2866 Atvero
1158 2791 1209 2865 uti
1227 2791 1263 2863 in

63 2904 65 2909 ’
152 2908 374 3008 praecedente
393 2907 480 2983 libre
500 2908 688 2996 evicimus,
712 2908 746 2980 in
772 2908 928 3006 coniugio
949 2908 1151 2994 christiano,
1176 2905 1265 2979 eine·

62 3052 65 3081 =
149 3027 238 3101 modi
266 3025 372 3100 realis
400 3025 574 3099 distinctio
607 3024 739 3099 admitti
766 3024 859 3099 nullo
891 3038 987 3123 pacto
1017 3038 1152 3122 potest,
1184 3044 1261 3094 cnm

150 3167 216 3213 une
231 3141 422 3242 eademque
446 3166 501 3214 res
522 3141 567 3214 sit
590 3155 778 3215 contractus
797 3155 830 3213 et
847 3154 1113 3226 sacramentum
1137 3137 1263 3237 ergosi

152 3257 283 3356 ipsiius
295 3255 428 3331 nulium
445 3257 570 3340 habent
583 3256 618 3329 in
636 3256 885 3330 matrimonium
904 3271 1002 3355 prout
1019 3269 1264 3331 sacramentum

152 3390 221 3463 est,
249 3399 315 3448 nec
338 3372 448 3446 ullum
473 3373 599 3447 hebent
622 3374 656 3446 in
683 3373 773 3445 idem
798 3388 898 3472 prout
922 3389 974 3446 est
998 3389 1200 3447 contractus.

220 3491 423 3578 Praeterea,
451 3488 504 3563 vel
530 3490 595 3563 hoc
624 3491 678 3563 ius
704 3490 789 3589 ipsis
819 3489 966 3563 adscribi
996 3489 1132 3563 deberet
1163 3501 1261 3587 prout

153 3606 321 3705 principes
345 3621 448 3691 sunt,
479 3605 637 3678 nimirum
668 3605 796 3679 ratione
826 3605 1035 3706 principatus
1062 3628 1101 3675 ac
1131 3598 1263 3701 imperii

153 3744 217 3818 quo
242 3719 419 3807 fruuntur,
439 3719 493 3793 vel
511 3736 609 3820 prout
625 3736 704 3794 sunt
720 3721 891 3821 principes
916 3717 1111 3804 christiani,
1136 3714 1265 3789 scilieet

155 3835 281 3909 radone
304 3833 510 3908 christianae
533 3833 767 3933 professionis.
791 3833 832 3908 Αι
853 3849 1007 3907 neutrum
1029 3831 1191 3905 affirmari
1209 3855 1267 3931 po

155 3966 224 4024 test.
247 3951 284 4023 Si
310 3950 404 4023 enim
432 3949 509 4024 ideo
533 3951 587 4024 ius
609 3949 735 4023 habent
756 3950 838 4050 quia
864 3965 943 4022 sunt
968 3946 1160 4047 principes,
1186 3958 1266 4018 tunc
1293 4026 1295 4031 ,

154 4064 214 4163 ipsi
234 4067 339 4141 etiarn
359 4065 529 4166 principes
548 4064 702 4138 infideles
723 4080 861 4165 possent
879 4080 936 4136 aut
952 4062 1115 4163 impedire
1127 4058 1265 4133 antdis
