<?xml version="1.0" encoding="UTF-8"?>
<!DOCTYPE html PUBLIC "-//W3C//DTD XHTML 1.0 Transitional//EN"
    "http://www.w3.org/TR/xhtml1/DTD/xhtml1-transitional.dtd">
<html xmlns="http://www.w3.org/1999/xhtml" xml:lang="en" lang="en">
 <head>
  <title>
</title>
<meta http-equiv="Content-Type" content="text/html;charset=utf-8" />
  <meta name='ocr-system' content='tesseract 3.04.00' />
  <meta name='ocr-capabilities' content='ocr_page ocr_carea ocr_par ocr_line ocrx_word'/>
</head>
<body>
  <div class='ocr_page' id='page_1' title='image "./dematrimoniochr02perrgoog_0449.png"; bbox 0 0 2804 5062; ppageno 0'>
   <div class='ocr_carea' id='block_1_1' title="bbox 227 349 1131 422">
    <p class='ocr_par' dir='ltr' id='par_1_1' title="bbox 227 349 1131 422">
     <span class='ocr_line' id='line_1_1' title="bbox 227 349 1131 422; baseline -0.002 -2"><span class='ocrx_word' id='word_1_1' title='bbox 227 349 295 421; x_wconf 69' lang='lat' dir='ltr'><strong>lit</strong></span> <span class='ocrx_word' id='word_1_2' title='bbox 417 369 480 422; x_wconf 85' lang='lat' dir='ltr'><strong>ur.</strong></span> <span class='ocrx_word' id='word_1_3' title='bbox 500 368 537 422; x_wconf 88' lang='grc' dir='ltr'><strong>ιι.</strong></span> <span class='ocrx_word' id='word_1_4' title='bbox 558 369 644 421; x_wconf 84' lang='lat' dir='ltr'><strong>saar.</strong></span> <span class='ocrx_word' id='word_1_5' title='bbox 665 369 795 421; x_wconf 77' lang='lat' dir='ltr'><strong>turam.</strong></span> <span class='ocrx_word' id='word_1_6' title='bbox 816 368 857 419; x_wconf 83' lang='lat' dir='ltr'><strong>nr</strong></span> <span class='ocrx_word' id='word_1_7' title='bbox 875 368 1001 420; x_wconf 78' lang='lat' dir='ltr'><strong>norror.</strong></span> <span class='ocrx_word' id='word_1_8' title='bbox 1020 368 1131 422; x_wconf 74' lang='lat' dir='ltr'><strong>uram.</strong></span> 
     </span>
    </p>
   </div>
   <div class='ocr_carea' id='block_1_2' title="bbox 217 488 1335 2552">
    <p class='ocr_par' dir='ltr' id='par_1_2' title="bbox 217 488 1335 2552">
     <span class='ocr_line' id='line_1_2' title="bbox 222 488 1331 588; baseline -0.004 -22"><span class='ocrx_word' id='word_1_9' title='bbox 222 506 261 566; x_wconf 93' lang='lat' dir='ltr'><strong>ut</strong></span> <span class='ocrx_word' id='word_1_10' title='bbox 284 490 425 565; x_wconf 89' lang='lat' dir='ltr'><strong>honeste</strong></span> <span class='ocrx_word' id='word_1_11' title='bbox 449 489 592 565; x_wconf 86' lang='lat' dir='ltr'><strong>societas</strong></span> <span class='ocrx_word' id='word_1_12' title='bbox 616 489 660 563; x_wconf 95' lang='lat' dir='ltr'><strong>ad</strong></span> <span class='ocrx_word' id='word_1_13' title='bbox 684 515 761 564; x_wconf 91' lang='lat' dir='ltr'><strong>cum</strong></span> <span class='ocrx_word' id='word_1_14' title='bbox 787 491 888 563; x_wconf 81' lang='lat' dir='ltr'><strong>finem</strong></span> <span class='ocrx_word' id='word_1_15' title='bbox 912 514 1013 588; x_wconf 90' lang='lat' dir='ltr'><strong>quem</strong></span> <span class='ocrx_word' id='word_1_16' title='bbox 1028 488 1122 562; x_wconf 84' lang='lat' dir='ltr'><strong>Deus</strong></span> <span class='ocrx_word' id='word_1_17' title='bbox 1139 489 1331 574; x_wconf 88' lang='lat' dir='ltr'><strong>constituit,</strong></span> 
     </span>
     <span class='ocr_line' id='line_1_3' title="bbox 223 605 1333 707; baseline -0.004 -26"><span class='ocrx_word' id='word_1_18' title='bbox 223 621 440 707; x_wconf 74' lang='lat' dir='ltr'><strong>propagetur,</strong></span> <span class='ocrx_word' id='word_1_19' title='bbox 468 622 501 679; x_wconf 88' lang='lat' dir='ltr'><strong>et</strong></span> <span class='ocrx_word' id='word_1_20' title='bbox 517 606 709 680; x_wconf 79' lang='lat' dir='ltr'><strong>adoratores</strong></span> <span class='ocrx_word' id='word_1_21' title='bbox 725 605 795 680; x_wconf 88' lang='lat' dir='ltr'><strong>veri</strong></span> <span class='ocrx_word' id='word_1_22' title='bbox 812 605 874 678; x_wconf 87' lang='lat' dir='ltr'><strong>Dei</strong></span> <span class='ocrx_word' id='word_1_23' title='bbox 892 605 1153 705; x_wconf 79' lang='lat' dir='ltr'><strong>progignuntur,</strong></span> <span class='ocrx_word' id='word_1_24' title='bbox 1174 621 1278 706; x_wconf 83' lang='lat' dir='ltr'><strong>atque</strong></span> <span class='ocrx_word' id='word_1_25' title='bbox 1292 605 1333 679; x_wconf 91' lang='lat' dir='ltr'><strong>ad</strong></span> 
     </span>
     <span class='ocr_line' id='line_1_4' title="bbox 223 718 1333 820; baseline 0.001 -27"><span class='ocrx_word' id='word_1_26' title='bbox 223 719 431 797; x_wconf 77' lang='lat' dir='ltr'><strong>honestatam</strong></span> <span class='ocrx_word' id='word_1_27' title='bbox 457 737 490 795; x_wconf 90' lang='lat' dir='ltr'><strong>et</strong></span> <span class='ocrx_word' id='word_1_28' title='bbox 514 720 709 820; x_wconf 81' lang='lat' dir='ltr'><strong>religionem</strong></span> <span class='ocrx_word' id='word_1_29' title='bbox 733 721 963 796; x_wconf 80' lang='lat' dir='ltr'><strong>informentur.</strong></span> <span class='ocrx_word' id='word_1_30' title='bbox 985 721 1023 792; x_wconf 94' lang='lat' dir='ltr'><strong>ln</strong></span> <span class='ocrx_word' id='word_1_31' title='bbox 1049 719 1127 818; x_wconf 87' lang='lat' dir='ltr'><strong>ipso</strong></span> <span class='ocrx_word' id='word_1_32' title='bbox 1143 718 1264 819; x_wconf 87' lang='lat' dir='ltr'><strong>itaque</strong></span> <span class='ocrx_word' id='word_1_33' title='bbox 1280 747 1333 794; x_wconf 89' lang='lat' dir='ltr'><strong>na·</strong></span> 
     </span>
     <span class='ocr_line' id='line_1_5' title="bbox 224 834 1335 949; baseline -0.001 -39"><span class='ocrx_word' id='word_1_34' title='bbox 224 834 323 910; x_wconf 90' lang='lat' dir='ltr'><strong>turali</strong></span> <span class='ocrx_word' id='word_1_35' title='bbox 347 837 654 936; x_wconf 17' lang='lat' dir='ltr'><strong>statulconiugium</strong></span> <span class='ocrx_word' id='word_1_36' title='bbox 672 855 743 911; x_wconf 93' lang='lat' dir='ltr'><strong>tum</strong></span> <span class='ocrx_word' id='word_1_37' title='bbox 758 835 802 911; x_wconf 90' lang='lat' dir='ltr'><strong>oh</strong></span> <span class='ocrx_word' id='word_1_38' title='bbox 819 835 907 923; x_wconf 91' lang='lat' dir='ltr'><strong>alia,</strong></span> <span class='ocrx_word' id='word_1_39' title='bbox 928 850 998 909; x_wconf 90' lang='lat' dir='ltr'><strong>tum</strong></span> <span class='ocrx_word' id='word_1_40' title='bbox 1015 834 1146 949; x_wconf 81' lang='lat' dir='ltr'><strong>ratipne</strong></span> <span class='ocrx_word' id='word_1_41' title='bbox 1162 835 1247 910; x_wconf 86' lang='lat' dir='ltr'><strong>finis</strong></span> <span class='ocrx_word' id='word_1_42' title='bbox 1263 861 1335 909; x_wconf 85' lang='lat' dir='ltr'><strong>san·</strong></span> 
     </span>
     <span class='ocr_line' id='line_1_6' title="bbox 222 949 1333 1051; baseline -0.002 -26"><span class='ocrx_word' id='word_1_43' title='bbox 222 964 276 1025; x_wconf 91' lang='lat' dir='ltr'><strong>cta</strong></span> <span class='ocrx_word' id='word_1_44' title='bbox 302 977 356 1025; x_wconf 85' lang='lat' dir='ltr'><strong>res</strong></span> <span class='ocrx_word' id='word_1_45' title='bbox 380 967 432 1025; x_wconf 89' lang='lat' dir='ltr'><strong>est</strong></span> <span class='ocrx_word' id='word_1_46' title='bbox 456 976 496 1026; x_wconf 87' lang='lat' dir='ltr'><strong>ac</strong></span> <span class='ocrx_word' id='word_1_47' title='bbox 520 951 693 1050; x_wconf 83' lang='lat' dir='ltr'><strong>religiosa,</strong></span> <span class='ocrx_word' id='word_1_48' title='bbox 721 950 871 1051; x_wconf 86' lang='lat' dir='ltr'><strong>adeoque</strong></span> <span class='ocrx_word' id='word_1_49' title='bbox 895 974 1030 1038; x_wconf 81' lang='lat' dir='ltr'><strong>sacrae,</strong></span> <span class='ocrx_word' id='word_1_50' title='bbox 1040 952 1129 1047; x_wconf 65' lang='lat' dir='ltr'><strong>frico</strong></span> <span class='ocrx_word' id='word_1_51' title='bbox 1146 975 1232 1024; x_wconf 88' lang='lat' dir='ltr'><strong>vero</strong></span> <span class='ocrx_word' id='word_1_52' title='bbox 1246 949 1333 1024; x_wconf 82' lang='lat' dir='ltr'><strong>civili</strong></span> 
     </span>
     <span class='ocr_line' id='line_1_7' title="bbox 222 1056 1335 1166; baseline 0.004 -28"><span class='ocrx_word' id='word_1_53' title='bbox 222 1063 411 1140; x_wconf 85' lang='lat' dir='ltr'><strong>auctoritati</strong></span> <span class='ocrx_word' id='word_1_54' title='bbox 421 1063 575 1139; x_wconf 85' lang='lat' dir='ltr'><strong>obnoxia.</strong></span> <span class='ocrx_word' id='word_1_55' title='bbox 594 1067 712 1165; x_wconf 87' lang='lat' dir='ltr'><strong>ltaque</strong></span> <span class='ocrx_word' id='word_1_56' title='bbox 719 1064 830 1140; x_wconf 78' lang='lat' dir='ltr'><strong>ciuilis</strong></span> <span class='ocrx_word' id='word_1_57' title='bbox 840 1079 987 1165; x_wconf 88' lang='lat' dir='ltr'><strong>potestas</strong></span> <span class='ocrx_word' id='word_1_58' title='bbox 997 1056 1120 1165; x_wconf 84' lang='lat' dir='ltr'><strong>poterit</strong></span> <span class='ocrx_word' id='word_1_59' title='bbox 1131 1063 1335 1166; x_wconf 60' lang='lat' dir='ltr'><strong>legesque</strong></span> 
     </span>
     <span class='ocr_line' id='line_1_8' title="bbox 222 1177 1333 1280; baseline 0.002 -28"><span class='ocrx_word' id='word_1_60' title='bbox 222 1177 334 1279; x_wconf 90' lang='lat' dir='ltr'><strong>doque</strong></span> <span class='ocrx_word' id='word_1_61' title='bbox 343 1178 503 1279; x_wconf 85' lang='lat' dir='ltr'><strong>condere,</strong></span> <span class='ocrx_word' id='word_1_62' title='bbox 518 1206 606 1280; x_wconf 88' lang='lat' dir='ltr'><strong>quae</strong></span> <span class='ocrx_word' id='word_1_63' title='bbox 614 1181 862 1255; x_wconf 89' lang='lat' dir='ltr'><strong>matrimonium</strong></span> <span class='ocrx_word' id='word_1_64' title='bbox 871 1178 1333 1280; x_wconf 80' lang='lat' dir='ltr'><strong>impediantprohibeuntqua</strong></span> 
     </span>
     <span class='ocr_line' id='line_1_9' title="bbox 222 1293 1331 1394; baseline 0.002 -27"><span class='ocrx_word' id='word_1_65' title='bbox 222 1293 258 1367; x_wconf 90' lang='lat' dir='ltr'><strong>in</strong></span> <span class='ocrx_word' id='word_1_66' title='bbox 275 1293 446 1389; x_wconf 79' lang='lat' dir='ltr'><strong>nonnullis</strong></span> <span class='ocrx_word' id='word_1_67' title='bbox 465 1322 574 1370; x_wconf 90' lang='lat' dir='ltr'><strong>rerum</strong></span> <span class='ocrx_word' id='word_1_68' title='bbox 591 1295 759 1371; x_wconf 88' lang='lat' dir='ltr'><strong>adiunctis</strong></span> <span class='ocrx_word' id='word_1_69' title='bbox 782 1295 908 1370; x_wconf 89' lang='lat' dir='ltr'><strong>bonum</strong></span> <span class='ocrx_word' id='word_1_70' title='bbox 931 1293 1056 1369; x_wconf 89' lang='lat' dir='ltr'><strong>sociale</strong></span> <span class='ocrx_word' id='word_1_71' title='bbox 1079 1294 1331 1394; x_wconf 81' lang='lat' dir='ltr'><strong>spectantibus3</strong></span> 
     </span>
     <span class='ocr_line' id='line_1_10' title="bbox 221 1404 1333 1512; baseline 0.004 -31"><span class='ocrx_word' id='word_1_72' title='bbox 221 1420 256 1481; x_wconf 88' lang='lat' dir='ltr'><strong>at</strong></span> <span class='ocrx_word' id='word_1_73' title='bbox 272 1405 365 1507; x_wconf 76' lang='lat' dir='ltr'><strong>leges</strong></span> <span class='ocrx_word' id='word_1_74' title='bbox 381 1410 543 1499; x_wconf 90' lang='lat' dir='ltr'><strong>condere,</strong></span> <span class='ocrx_word' id='word_1_75' title='bbox 563 1437 651 1512; x_wconf 88' lang='lat' dir='ltr'><strong>quae</strong></span> <span class='ocrx_word' id='word_1_76' title='bbox 667 1410 916 1485; x_wconf 84' lang='lat' dir='ltr'><strong>matrimonium</strong></span> <span class='ocrx_word' id='word_1_77' title='bbox 934 1411 969 1483; x_wconf 92' lang='lat' dir='ltr'><strong>in</strong></span> <span class='ocrx_word' id='word_1_78' title='bbox 987 1437 1025 1484; x_wconf 90' lang='lat' dir='ltr'><strong>se</strong></span> <span class='ocrx_word' id='word_1_79' title='bbox 1041 1404 1227 1499; x_wconf 84' lang='lat' dir='ltr'><strong>dirimant,</strong></span> <span class='ocrx_word' id='word_1_80' title='bbox 1251 1437 1333 1512; x_wconf 87' lang='lat' dir='ltr'><strong>quaa</strong></span> 
     </span>
     <span class='ocr_line' id='line_1_11' title="bbox 218 1521 1332 1627; baseline 0.003 -30"><span class='ocrx_word' id='word_1_81' title='bbox 218 1521 392 1598; x_wconf 88' lang='lat' dir='ltr'><strong>vinculum</strong></span> <span class='ocrx_word' id='word_1_82' title='bbox 416 1525 548 1626; x_wconf 88' lang='lat' dir='ltr'><strong>ipsum,</strong></span> <span class='ocrx_word' id='word_1_83' title='bbox 575 1552 664 1627; x_wconf 90' lang='lat' dir='ltr'><strong>quae</strong></span> <span class='ocrx_word' id='word_1_84' title='bbox 687 1527 762 1600; x_wconf 90' lang='lat' dir='ltr'><strong>iura</strong></span> <span class='ocrx_word' id='word_1_85' title='bbox 785 1540 819 1600; x_wconf 92' lang='lat' dir='ltr'><strong>et</strong></span> <span class='ocrx_word' id='word_1_86' title='bbox 842 1524 954 1600; x_wconf 86' lang='lat' dir='ltr'><strong>officia</strong></span> <span class='ocrx_word' id='word_1_87' title='bbox 978 1525 1148 1623; x_wconf 80' lang='lat' dir='ltr'><strong>attingant</strong></span> <span class='ocrx_word' id='word_1_88' title='bbox 1163 1552 1245 1600; x_wconf 90' lang='lat' dir='ltr'><strong>cum</strong></span> <span class='ocrx_word' id='word_1_89' title='bbox 1261 1526 1332 1625; x_wconf 86' lang='lat' dir='ltr'><strong>ipso</strong></span> 
     </span>
     <span class='ocr_line' id='line_1_12' title="bbox 218 1637 1331 1739; baseline 0.003 -28"><span class='ocrx_word' id='word_1_90' title='bbox 218 1637 355 1731; x_wconf 87' lang='lat' dir='ltr'><strong>vinculo</strong></span> <span class='ocrx_word' id='word_1_91' title='bbox 371 1656 544 1729; x_wconf 86' lang='lat' dir='ltr'><strong>conserta,</strong></span> <span class='ocrx_word' id='word_1_92' title='bbox 565 1642 630 1716; x_wconf 91' lang='lat' dir='ltr'><strong>hoc</strong></span> <span class='ocrx_word' id='word_1_93' title='bbox 646 1641 806 1715; x_wconf 89' lang='lat' dir='ltr'><strong>nimirum</strong></span> <span class='ocrx_word' id='word_1_94' title='bbox 825 1640 958 1715; x_wconf 90' lang='lat' dir='ltr'><strong>civilem</strong></span> <span class='ocrx_word' id='word_1_95' title='bbox 975 1664 1110 1715; x_wconf 88' lang='lat' dir='ltr'><strong>omnem</strong></span> <span class='ocrx_word' id='word_1_96' title='bbox 1134 1656 1331 1739; x_wconf 86' lang='lat' dir='ltr'><strong>potestaten</strong></span> 
     </span>
     <span class='ocr_line' id='line_1_13' title="bbox 218 1753 1332 1858; baseline 0.003 -33"><span class='ocrx_word' id='word_1_97' title='bbox 218 1753 369 1844; x_wconf 81' lang='lat' dir='ltr'><strong>excedit,</strong></span> <span class='ocrx_word' id='word_1_98' title='bbox 397 1757 473 1858; x_wconf 89' lang='lat' dir='ltr'><strong>ipsa</strong></span> <span class='ocrx_word' id='word_1_99' title='bbox 496 1756 597 1831; x_wconf 89' lang='lat' dir='ltr'><strong>etiam</strong></span> <span class='ocrx_word' id='word_1_100' title='bbox 623 1773 772 1858; x_wconf 86' lang='lat' dir='ltr'><strong>spectata</strong></span> <span class='ocrx_word' id='word_1_101' title='bbox 796 1754 999 1829; x_wconf 85' lang='lat' dir='ltr'><strong>matrimonii</strong></span> <span class='ocrx_word' id='word_1_102' title='bbox 1016 1753 1134 1829; x_wconf 91' lang='lat' dir='ltr'><strong>indole</strong></span> <span class='ocrx_word' id='word_1_103' title='bbox 1154 1754 1194 1828; x_wconf 92' lang='lat' dir='ltr'><strong>iu</strong></span> <span class='ocrx_word' id='word_1_104' title='bbox 1217 1755 1332 1830; x_wconf 88' lang='lat' dir='ltr'><strong>ordina</strong></span> 
     </span>
     <span class='ocr_line' id='line_1_14' title="bbox 218 1872 1270 1947; baseline 0.005 -4"><span class='ocrx_word' id='word_1_105' title='bbox 218 1882 348 1944; x_wconf 87' lang='lat' dir='ltr'><strong>tantum</strong></span> <span class='ocrx_word' id='word_1_106' title='bbox 374 1872 529 1947; x_wconf 89' lang='lat' dir='ltr'><strong>naturali.</strong></span> <span class='ocrx_word' id='word_1_107' title='bbox 1267 1928 1270 1933; x_wconf 88' lang='lat'>-</span> 
     </span>
     <span class='ocr_line' id='line_1_15' title="bbox 291 1983 1332 2086; baseline 0.003 -28"><span class='ocrx_word' id='word_1_108' title='bbox 291 1983 357 2058; x_wconf 89' lang='lat' dir='ltr'><strong>Sed</strong></span> <span class='ocrx_word' id='word_1_109' title='bbox 382 2001 420 2060; x_wconf 91' lang='lat' dir='ltr'><strong>ut</strong></span> <span class='ocrx_word' id='word_1_110' title='bbox 445 1986 577 2086; x_wconf 89' lang='lat' dir='ltr'><strong>plenius</strong></span> <span class='ocrx_word' id='word_1_111' title='bbox 601 1989 703 2062; x_wconf 91' lang='lat' dir='ltr'><strong>etiam</strong></span> <span class='ocrx_word' id='word_1_112' title='bbox 728 1987 881 2062; x_wconf 88' lang='lat' dir='ltr'><strong>doctrina</strong></span> <span class='ocrx_word' id='word_1_113' title='bbox 898 1987 983 2060; x_wconf 90' lang='lat' dir='ltr'><strong>haec</strong></span> <span class='ocrx_word' id='word_1_114' title='bbox 999 1984 1197 2075; x_wconf 79' lang='lat' dir='ltr'><strong>evolvatur,</strong></span> <span class='ocrx_word' id='word_1_115' title='bbox 1217 1985 1332 2061; x_wconf 79' lang='lat' dir='ltr'><strong>adror-</strong></span> 
     </span>
     <span class='ocr_line' id='line_1_16' title="bbox 221 2099 1330 2203; baseline 0.003 -28"><span class='ocrx_word' id='word_1_116' title='bbox 221 2099 324 2177; x_wconf 86' lang='lat' dir='ltr'><strong>timus</strong></span> <span class='ocrx_word' id='word_1_117' title='bbox 349 2102 386 2175; x_wconf 94' lang='lat' dir='ltr'><strong>iu</strong></span> <span class='ocrx_word' id='word_1_118' title='bbox 409 2103 532 2203; x_wconf 91' lang='lat' dir='ltr'><strong>triplici</strong></span> <span class='ocrx_word' id='word_1_119' title='bbox 557 2104 675 2180; x_wconf 91' lang='lat' dir='ltr'><strong>ordine</strong></span> <span class='ocrx_word' id='word_1_120' title='bbox 699 2105 788 2178; x_wconf 89' lang='lat' dir='ltr'><strong>hanc</strong></span> <span class='ocrx_word' id='word_1_121' title='bbox 811 2104 1072 2179; x_wconf 84' lang='lat' dir='ltr'><strong>controversiam</strong></span> <span class='ocrx_word' id='word_1_122' title='bbox 1097 2103 1144 2177; x_wconf 89' lang='lat' dir='ltr'><strong>de</strong></span> <span class='ocrx_word' id='word_1_123' title='bbox 1168 2119 1330 2203; x_wconf 85' lang='lat' dir='ltr'><strong>potestate</strong></span> 
     </span>
     <span class='ocr_line' id='line_1_17' title="bbox 218 2216 1331 2320; baseline 0.002 -30"><span class='ocrx_word' id='word_1_124' title='bbox 218 2216 383 2318; x_wconf 91' lang='lat' dir='ltr'><strong>principis</strong></span> <span class='ocrx_word' id='word_1_125' title='bbox 408 2219 555 2295; x_wconf 84' lang='lat' dir='ltr'><strong>infidelis</strong></span> <span class='ocrx_word' id='word_1_126' title='bbox 580 2221 616 2294; x_wconf 90' lang='lat' dir='ltr'><strong>in</strong></span> <span class='ocrx_word' id='word_1_127' title='bbox 640 2220 892 2296; x_wconf 86' lang='lat' dir='ltr'><strong>matrimonium</strong></span> <span class='ocrx_word' id='word_1_128' title='bbox 909 2219 1053 2320; x_wconf 88' lang='lat' dir='ltr'><strong>spectari</strong></span> <span class='ocrx_word' id='word_1_129' title='bbox 1071 2244 1200 2320; x_wconf 87' lang='lat' dir='ltr'><strong>posse:</strong></span> <span class='ocrx_word' id='word_1_130' title='bbox 1226 2219 1331 2320; x_wconf 88' lang='lat' dir='ltr'><strong>primo</strong></span> 
     </span>
     <span class='ocr_line' id='line_1_18' title="bbox 218 2330 1331 2435; baseline 0.006 -32"><span class='ocrx_word' id='word_1_131' title='bbox 218 2330 254 2405; x_wconf 88' lang='lat' dir='ltr'><strong>in</strong></span> <span class='ocrx_word' id='word_1_132' title='bbox 279 2331 396 2409; x_wconf 86' lang='lat' dir='ltr'><strong>ordina</strong></span> <span class='ocrx_word' id='word_1_133' title='bbox 422 2334 690 2435; x_wconf 87' lang='lat' dir='ltr'><strong>supernaturali,</strong></span> <span class='ocrx_word' id='word_1_134' title='bbox 721 2334 846 2411; x_wconf 88' lang='lat' dir='ltr'><strong>deinde</strong></span> <span class='ocrx_word' id='word_1_135' title='bbox 870 2335 905 2407; x_wconf 92' lang='lat' dir='ltr'><strong>in</strong></span> <span class='ocrx_word' id='word_1_136' title='bbox 934 2333 1052 2409; x_wconf 90' lang='lat' dir='ltr'><strong>ordine</strong></span> <span class='ocrx_word' id='word_1_137' title='bbox 1076 2360 1171 2409; x_wconf 88' lang='lat' dir='ltr'><strong>mera</strong></span> <span class='ocrx_word' id='word_1_138' title='bbox 1187 2333 1331 2410; x_wconf 86' lang='lat' dir='ltr'><strong>naturali</strong></span> 
     </span>
     <span class='ocr_line' id='line_1_19' title="bbox 217 2446 1331 2552; baseline 0.004 -32"><span class='ocrx_word' id='word_1_139' title='bbox 217 2446 277 2547; x_wconf 91' lang='lat' dir='ltr'><strong>qui</strong></span> <span class='ocrx_word' id='word_1_140' title='bbox 303 2462 413 2523; x_wconf 91' lang='lat' dir='ltr'><strong>tamen</strong></span> <span class='ocrx_word' id='word_1_141' title='bbox 439 2477 622 2552; x_wconf 87' lang='lat' dir='ltr'><strong>numquam</strong></span> <span class='ocrx_word' id='word_1_142' title='bbox 647 2451 770 2534; x_wconf 87' lang='lat' dir='ltr'><strong>extitit,</strong></span> <span class='ocrx_word' id='word_1_143' title='bbox 798 2450 894 2525; x_wconf 91' lang='lat' dir='ltr'><strong>tertio</strong></span> <span class='ocrx_word' id='word_1_144' title='bbox 911 2450 946 2522; x_wconf 94' lang='lat' dir='ltr'><strong>in</strong></span> <span class='ocrx_word' id='word_1_145' title='bbox 965 2449 1085 2524; x_wconf 88' lang='lat' dir='ltr'><strong>ordine</strong></span> <span class='ocrx_word' id='word_1_146' title='bbox 1100 2476 1163 2524; x_wconf 89' lang='lat' dir='ltr'><strong>seu</strong></span> <span class='ocrx_word' id='word_1_147' title='bbox 1182 2450 1220 2523; x_wconf 94' lang='lat' dir='ltr'><strong>in</strong></span> <span class='ocrx_word' id='word_1_148' title='bbox 1245 2465 1331 2524; x_wconf 86' lang='lat' dir='ltr'><strong>statu</strong></span> 
     </span>
    </p>
   </div>
   <div class='ocr_carea' id='block_1_3' title="bbox 210 2573 1329 4270">
    <p class='ocr_par' dir='ltr' id='par_1_3' title="bbox 217 2573 1329 2893">
     <span class='ocr_line' id='line_1_20' title="bbox 217 2573 1328 2676; baseline 0.004 -33"><span class='ocrx_word' id='word_1_149' title='bbox 217 2588 354 2646; x_wconf 86' lang='lat' dir='ltr'><strong>naturae</strong></span> <span class='ocrx_word' id='word_1_150' title='bbox 378 2573 497 2674; x_wconf 86' lang='lat' dir='ltr'><strong>lapsae</strong></span> <span class='ocrx_word' id='word_1_151' title='bbox 521 2591 622 2676; x_wconf 91' lang='lat' dir='ltr'><strong>atque</strong></span> <span class='ocrx_word' id='word_1_152' title='bbox 652 2591 827 2674; x_wconf 89' lang='lat' dir='ltr'><strong>corruptae</strong></span> <span class='ocrx_word' id='word_1_153' title='bbox 859 2575 1029 2651; x_wconf 85' lang='lat' dir='ltr'><strong>societatis</strong></span> <span class='ocrx_word' id='word_1_154' title='bbox 1060 2601 1239 2672; x_wconf 81' lang='lat' dir='ltr'><strong>paganae,</strong></span> <span class='ocrx_word' id='word_1_155' title='bbox 1273 2575 1328 2674; x_wconf 91' lang='lat' dir='ltr'><strong>qui</strong></span> 
     </span>
     <span class='ocr_line' id='line_1_21' title="bbox 218 2687 1329 2788; baseline 0.005 -30"><span class='ocrx_word' id='word_1_156' title='bbox 218 2701 328 2760; x_wconf 87' lang='lat' dir='ltr'><strong>status</strong></span> <span class='ocrx_word' id='word_1_157' title='bbox 353 2687 420 2761; x_wconf 89' lang='lat' dir='ltr'><strong>dici</strong></span> <span class='ocrx_word' id='word_1_158' title='bbox 446 2690 545 2763; x_wconf 87' lang='lat' dir='ltr'><strong>debet</strong></span> <span class='ocrx_word' id='word_1_159' title='bbox 569 2707 700 2788; x_wconf 89' lang='lat' dir='ltr'><strong>praeter</strong></span> <span class='ocrx_word' id='word_1_160' title='bbox 723 2705 757 2764; x_wconf 89' lang='lat' dir='ltr'><strong>et</strong></span> <span class='ocrx_word' id='word_1_161' title='bbox 780 2706 896 2764; x_wconf 87' lang='lat' dir='ltr'><strong>contra</strong></span> <span class='ocrx_word' id='word_1_162' title='bbox 921 2688 1120 2763; x_wconf 87' lang='lat' dir='ltr'><strong>rationalem</strong></span> <span class='ocrx_word' id='word_1_163' title='bbox 1138 2716 1182 2763; x_wconf 91' lang='lat' dir='ltr'><strong>ac</strong></span> <span class='ocrx_word' id='word_1_164' title='bbox 1199 2689 1329 2787; x_wconf 80' lang='lat' dir='ltr'><strong>religio-</strong></span> 
     </span>
     <span class='ocr_line' id='line_1_22' title="bbox 219 2800 794 2893; baseline 0.019 -23"><span class='ocrx_word' id='word_1_165' title='bbox 219 2823 292 2872; x_wconf 82' lang='lat' dir='ltr'><strong>sam</strong></span> <span class='ocrx_word' id='word_1_166' title='bbox 317 2800 466 2877; x_wconf 89' lang='lat' dir='ltr'><strong>hominis</strong></span> <span class='ocrx_word' id='word_1_167' title='bbox 492 2821 658 2878; x_wconf 87' lang='lat' dir='ltr'><strong>naturam.</strong></span> <span class='ocrx_word' id='word_1_168' title='bbox 788 2880 794 2893; x_wconf 77' lang='grc'><em>,</em></span> 
     </span>
    </p>

    <p class='ocr_par' dir='ltr' id='par_1_4' title="bbox 210 2914 1329 4270">
     <span class='ocr_line' id='line_1_23' title="bbox 288 2914 1323 3017; baseline 0.009 -33"><span class='ocrx_word' id='word_1_169' title='bbox 288 2914 326 2985; x_wconf 91' lang='lat' dir='ltr'><strong>ln</strong></span> <span class='ocrx_word' id='word_1_170' title='bbox 351 2914 468 2989; x_wconf 90' lang='lat' dir='ltr'><strong>ordine</strong></span> <span class='ocrx_word' id='word_1_171' title='bbox 494 2919 739 3017; x_wconf 88' lang='lat' dir='ltr'><strong>supernaturali</strong></span> <span class='ocrx_word' id='word_1_172' title='bbox 772 2934 810 2993; x_wconf 90' lang='lat' dir='ltr'><strong>ut</strong></span> <span class='ocrx_word' id='word_1_173' title='bbox 837 2947 877 2992; x_wconf 86' lang='lat' dir='ltr'><strong>ex</strong></span> <span class='ocrx_word' id='word_1_174' title='bbox 908 2918 1111 2992; x_wconf 87' lang='lat' dir='ltr'><strong>revelatione</strong></span> <span class='ocrx_word' id='word_1_175' title='bbox 1143 2920 1323 3004; x_wconf 79' lang='lat' dir='ltr'><strong>norimus,</strong></span> 
     </span>
     <span class='ocr_line' id='line_1_24' title="bbox 215 3029 1328 3134; baseline 0.006 -34"><span class='ocrx_word' id='word_1_176' title='bbox 215 3029 462 3105; x_wconf 88' lang='lat' dir='ltr'><strong>matrimonium</strong></span> <span class='ocrx_word' id='word_1_177' title='bbox 492 3033 535 3106; x_wconf 90' lang='lat' dir='ltr'><strong>ab</strong></span> <span class='ocrx_word' id='word_1_178' title='bbox 568 3034 664 3109; x_wconf 91' lang='lat' dir='ltr'><strong>initio</strong></span> <span class='ocrx_word' id='word_1_179' title='bbox 698 3035 860 3109; x_wconf 90' lang='lat' dir='ltr'><strong>divinitus</strong></span> <span class='ocrx_word' id='word_1_180' title='bbox 897 3035 1115 3110; x_wconf 87' lang='lat' dir='ltr'><strong>constitutum</strong></span> <span class='ocrx_word' id='word_1_181' title='bbox 1146 3034 1235 3122; x_wconf 79' lang='lat' dir='ltr'><strong>luit,</strong></span> <span class='ocrx_word' id='word_1_182' title='bbox 1264 3059 1328 3134; x_wconf 90' lang='lat' dir='ltr'><strong>quo</strong></span> 
     </span>
     <span class='ocr_line' id='line_1_25' title="bbox 215 3145 1327 3249; baseline 0.009 -35"><span class='ocrx_word' id='word_1_183' title='bbox 215 3145 480 3243; x_wconf 86' lang='lat' dir='ltr'><strong>supernaturalis</strong></span> <span class='ocrx_word' id='word_1_184' title='bbox 515 3148 689 3222; x_wconf 88' lang='lat' dir='ltr'><strong>hominum</strong></span> <span class='ocrx_word' id='word_1_185' title='bbox 728 3149 871 3223; x_wconf 87' lang='lat' dir='ltr'><strong>societas</strong></span> <span class='ocrx_word' id='word_1_186' title='bbox 908 3163 1152 3249; x_wconf 81' lang='lat' dir='ltr'><strong>propagaretur</strong></span> <span class='ocrx_word' id='word_1_187' title='bbox 1192 3151 1236 3224; x_wconf 90' lang='lat' dir='ltr'><strong>ad</strong></span> <span class='ocrx_word' id='word_1_188' title='bbox 1270 3148 1327 3223; x_wconf 83' lang='lat' dir='ltr'><strong>Dei</strong></span> 
     </span>
     <span class='ocr_line' id='line_1_26' title="bbox 213 3254 1329 3361; baseline 0.01 -35"><span class='ocrx_word' id='word_1_189' title='bbox 213 3254 339 3328; x_wconf 89' lang='lat' dir='ltr'><strong>cultum</strong></span> <span class='ocrx_word' id='word_1_190' title='bbox 364 3274 398 3330; x_wconf 92' lang='lat' dir='ltr'><strong>et</strong></span> <span class='ocrx_word' id='word_1_191' title='bbox 420 3258 580 3357; x_wconf 83' lang='lat' dir='ltr'><strong>gloriam,</strong></span> <span class='ocrx_word' id='word_1_192' title='bbox 608 3278 709 3361; x_wconf 91' lang='lat' dir='ltr'><strong>atque</strong></span> <span class='ocrx_word' id='word_1_193' title='bbox 733 3262 776 3334; x_wconf 94' lang='lat' dir='ltr'><strong>ad</strong></span> <span class='ocrx_word' id='word_1_194' title='bbox 802 3262 1091 3361; x_wconf 88' lang='lat' dir='ltr'><strong>supernaturalem</strong></span> <span class='ocrx_word' id='word_1_195' title='bbox 1119 3262 1226 3336; x_wconf 82' lang='lat' dir='ltr'><strong>linem</strong></span> <span class='ocrx_word' id='word_1_196' title='bbox 1252 3263 1329 3337; x_wconf 88' lang='lat' dir='ltr'><strong>edu-</strong></span> 
     </span>
     <span class='ocr_line' id='line_1_27' title="bbox 213 3369 1327 3476; baseline 0.009 -33"><span class='ocrx_word' id='word_1_197' title='bbox 213 3369 354 3444; x_wconf 80' lang='lat' dir='ltr'><strong>care&#39;tur.</strong></span> <span class='ocrx_word' id='word_1_198' title='bbox 384 3373 422 3444; x_wconf 92' lang='lat' dir='ltr'><strong>ln</strong></span> <span class='ocrx_word' id='word_1_199' title='bbox 449 3374 642 3450; x_wconf 87' lang='lat' dir='ltr'><strong>huiusmodi</strong></span> <span class='ocrx_word' id='word_1_200' title='bbox 677 3376 924 3476; x_wconf 88' lang='lat' dir='ltr'><strong>supernaturali</strong></span> <span class='ocrx_word' id='word_1_201' title='bbox 955 3378 1074 3451; x_wconf 89' lang='lat' dir='ltr'><strong>ordine</strong></span> <span class='ocrx_word' id='word_1_202' title='bbox 1109 3378 1327 3453; x_wconf 86' lang='lat' dir='ltr'><strong>sacerdotalis</strong></span> 
     </span>
     <span class='ocr_line' id='line_1_28' title="bbox 213 3485 1328 3591; baseline 0.011 -36"><span class='ocrx_word' id='word_1_203' title='bbox 213 3485 313 3557; x_wconf 90' lang='lat' dir='ltr'><strong>etiam</strong></span> <span class='ocrx_word' id='word_1_204' title='bbox 339 3490 519 3563; x_wconf 89' lang='lat' dir='ltr'><strong>auctoritas</strong></span> <span class='ocrx_word' id='word_1_205' title='bbox 547 3492 709 3565; x_wconf 89' lang='lat' dir='ltr'><strong>divinitus</strong></span> <span class='ocrx_word' id='word_1_206' title='bbox 737 3492 915 3565; x_wconf 85' lang='lat' dir='ltr'><strong>constituta</strong></span> <span class='ocrx_word' id='word_1_207' title='bbox 940 3508 1003 3578; x_wconf 88' lang='lat' dir='ltr'><strong>cet,</strong></span> <span class='ocrx_word' id='word_1_208' title='bbox 1028 3507 1132 3591; x_wconf 91' lang='lat' dir='ltr'><strong>atque</strong></span> <span class='ocrx_word' id='word_1_209' title='bbox 1157 3495 1328 3567; x_wconf 86' lang='lat' dir='ltr'><strong>matrimo-</strong></span> 
     </span>
     <span class='ocr_line' id='line_1_29' title="bbox 212 3599 1323 3708; baseline 0.009 -39"><span class='ocrx_word' id='word_1_210' title='bbox 212 3599 305 3672; x_wconf 91' lang='lat' dir='ltr'><strong>nium</strong></span> <span class='ocrx_word' id='word_1_211' title='bbox 324 3602 366 3675; x_wconf 90' lang='lat' dir='ltr'><strong>ad</strong></span> <span class='ocrx_word' id='word_1_212' title='bbox 384 3630 457 3677; x_wconf 86' lang='lat' dir='ltr'><strong>eam</strong></span> <span class='ocrx_word' id='word_1_213' title='bbox 476 3607 716 3682; x_wconf 88' lang='lat' dir='ltr'><strong>sacerdotalem</strong></span> <span class='ocrx_word' id='word_1_214' title='bbox 742 3609 971 3683; x_wconf 88' lang='lat' dir='ltr'><strong>auctoritatem</strong></span> <span class='ocrx_word' id='word_1_215' title='bbox 992 3634 1129 3706; x_wconf 89' lang='lat' dir='ltr'><strong>semper</strong></span> <span class='ocrx_word' id='word_1_216' title='bbox 1149 3611 1323 3708; x_wconf 86' lang='lat' dir='ltr'><strong>pertinuit.</strong></span> 
     </span>
     <span class='ocr_line' id='line_1_30' title="bbox 211 3711 1324 3817; baseline 0.009 -35"><span class='ocrx_word' id='word_1_217' title='bbox 211 3711 343 3788; x_wconf 84' lang='lat' dir='ltr'><strong>Scilicet</strong></span> <span class='ocrx_word' id='word_1_218' title='bbox 368 3716 463 3815; x_wconf 89' lang='lat' dir='ltr'><strong>prius</strong></span> <span class='ocrx_word' id='word_1_219' title='bbox 489 3721 712 3817; x_wconf 89' lang='lat' dir='ltr'><strong>patriarchale</strong></span> <span class='ocrx_word' id='word_1_220' title='bbox 739 3722 962 3795; x_wconf 86' lang='lat' dir='ltr'><strong>sacerdotium</strong></span> <span class='ocrx_word' id='word_1_221' title='bbox 988 3721 1242 3796; x_wconf 89' lang='lat' dir='ltr'><strong>matrimonium</strong></span> <span class='ocrx_word' id='word_1_222' title='bbox 1268 3722 1324 3794; x_wconf 87' lang='lat' dir='ltr'><strong>Dei</strong></span> 
     </span>
     <span class='ocr_line' id='line_1_31' title="bbox 210 3829 1324 3937; baseline 0.013 -39"><span class='ocrx_word' id='word_1_223' title='bbox 210 3829 347 3903; x_wconf 89' lang='lat' dir='ltr'><strong>nomine</strong></span> <span class='ocrx_word' id='word_1_224' title='bbox 369 3831 584 3928; x_wconf 81' lang='lat' dir='ltr'><strong>gubernavit,</strong></span> <span class='ocrx_word' id='word_1_225' title='bbox 614 3837 786 3936; x_wconf 77' lang='lat' dir='ltr'><strong>rexitque3</strong></span> <span class='ocrx_word' id='word_1_226' title='bbox 818 3837 981 3910; x_wconf 88' lang='lat' dir='ltr'><strong>successit</strong></span> <span class='ocrx_word' id='word_1_227' title='bbox 1002 3835 1126 3910; x_wconf 88' lang='lat' dir='ltr'><strong>deinde</strong></span> <span class='ocrx_word' id='word_1_228' title='bbox 1146 3836 1257 3937; x_wconf 83' lang='lat' dir='ltr'><strong>legale</strong></span> <span class='ocrx_word' id='word_1_229' title='bbox 1273 3863 1324 3912; x_wconf 84' lang='lat' dir='ltr'><strong>sa·</strong></span> 
     </span>
     <span class='ocr_line' id='line_1_32' title="bbox 210 3940 1324 4052; baseline 0.015 -42"><span class='ocrx_word' id='word_1_230' title='bbox 210 3940 413 4031; x_wconf 88' lang='lat' dir='ltr'><strong>cerdctium,</strong></span> <span class='ocrx_word' id='word_1_231' title='bbox 437 3946 570 4020; x_wconf 88' lang='lat' dir='ltr'><strong>demum</strong></span> <span class='ocrx_word' id='word_1_232' title='bbox 597 3950 752 4023; x_wconf 85' lang='lat' dir='ltr'><strong>ecclesia.</strong></span> <span class='ocrx_word' id='word_1_233' title='bbox 769 3951 961 4023; x_wconf 78' lang='lat' dir='ltr'><strong>Absurdum</strong></span> <span class='ocrx_word' id='word_1_234' title='bbox 981 3977 1080 4049; x_wconf 90' lang='lat' dir='ltr'><strong>porro</strong></span> <span class='ocrx_word' id='word_1_235' title='bbox 1092 3969 1146 4025; x_wconf 87' lang='lat' dir='ltr'><strong>est</strong></span> <span class='ocrx_word' id='word_1_236' title='bbox 1163 3978 1324 4052; x_wconf 85' lang='lat' dir='ltr'><strong>quaerere</strong></span> 
     </span>
     <span class='ocr_line' id='line_1_33' title="bbox 210 4055 1323 4167; baseline 0.013 -43"><span class='ocrx_word' id='word_1_237' title='bbox 210 4076 253 4124; x_wconf 87' lang='lat' dir='ltr'><strong>au</strong></span> <span class='ocrx_word' id='word_1_238' title='bbox 275 4055 520 4134; x_wconf 89' lang='lat' dir='ltr'><strong>matrimonium</strong></span> <span class='ocrx_word' id='word_1_239' title='bbox 539 4062 573 4134; x_wconf 91' lang='lat' dir='ltr'><strong>in</strong></span> <span class='ocrx_word' id='word_1_240' title='bbox 591 4063 655 4138; x_wconf 88' lang='lat' dir='ltr'><strong>hoc</strong></span> <span class='ocrx_word' id='word_1_241' title='bbox 675 4065 919 4165; x_wconf 86' lang='lat' dir='ltr'><strong>supernaturali</strong></span> <span class='ocrx_word' id='word_1_242' title='bbox 946 4065 1063 4139; x_wconf 89' lang='lat' dir='ltr'><strong>ordine</strong></span> <span class='ocrx_word' id='word_1_243' title='bbox 1086 4068 1256 4167; x_wconf 89' lang='lat' dir='ltr'><strong>principis</strong></span> <span class='ocrx_word' id='word_1_244' title='bbox 1274 4068 1323 4139; x_wconf 91' lang='lat' dir='ltr'><strong>in·</strong></span> 
     </span>
     <span class='ocr_line' id='line_1_34' title="bbox 210 4165 701 4270; baseline 0.033 -34"><span class='ocrx_word' id='word_1_245' title='bbox 210 4165 320 4241; x_wconf 86' lang='lat' dir='ltr'><strong>lidelis</strong></span> <span class='ocrx_word' id='word_1_246' title='bbox 344 4176 497 4270; x_wconf 90' lang='lat' dir='ltr'><strong>potestati</strong></span> <span class='ocrx_word' id='word_1_247' title='bbox 524 4178 701 4254; x_wconf 89' lang='lat' dir='ltr'><strong>subdatur.</strong></span> 
     </span>
    </p>
   </div>
   <div class='ocr_carea' id='block_1_4' title="bbox 283 4281 1320 4400">
    <p class='ocr_par' dir='ltr' id='par_1_5' title="bbox 283 4281 1320 4400">
     <span class='ocr_line' id='line_1_35' title="bbox 283 4281 1320 4400; baseline 0.017 -47"><span class='ocrx_word' id='word_1_248' title='bbox 283 4281 323 4356; x_wconf 80' lang='lat' dir='ltr'><strong>dt</strong></span> <span class='ocrx_word' id='word_1_249' title='bbox 348 4285 429 4383; x_wconf 91' lang='lat' dir='ltr'><strong>quid</strong></span> <span class='ocrx_word' id='word_1_250' title='bbox 460 4288 636 4367; x_wconf 87' lang='lat' dir='ltr'><strong>dicandum</strong></span> <span class='ocrx_word' id='word_1_251' title='bbox 668 4295 711 4370; x_wconf 91' lang='lat' dir='ltr'><strong>de</strong></span> <span class='ocrx_word' id='word_1_252' title='bbox 736 4297 854 4372; x_wconf 85' lang='lat' dir='ltr'><strong>ordine</strong></span> <span class='ocrx_word' id='word_1_253' title='bbox 888 4296 1065 4373; x_wconf 74' lang='lat' dir='ltr'><strong>naturali?</strong></span> <span class='ocrx_word' id='word_1_254' title='bbox 1089 4298 1155 4375; x_wconf 86' lang='lat' dir='ltr'><strong>llic</strong></span> <span class='ocrx_word' id='word_1_255' title='bbox 1186 4300 1320 4400; x_wconf 85' lang='lat' dir='ltr'><strong>quidem</strong></span> 
     </span>
    </p>
   </div>
   <div class='ocr_carea' id='block_1_5' title="bbox 0 0 1406 5062">
    <p class='ocr_par' dir='ltr' id='par_1_6' title="bbox 0 0 1406 5062">
     <span class='ocr_line' id='line_1_36' title="bbox 0 0 1406 5062; baseline 0 1"><span class='ocrx_word' id='word_1_256' title='bbox 0 0 1406 5062; x_wconf 95' lang='lat' dir='ltr'><strong> </strong></span> 
     </span>
    </p>
   </div>
  </div>
 </body>
</html>
