2804 5062
147 390 636 444 mr.r11.nnmrn.mr1n.cuu
652 393 754 444 arnan.
769 393 968 443 varinnas.
987 394 1056 443 aar.
1070 397 1093 444 r.
1142 374 1209 446 309

101 511 287 598 vinculum,
308 527 411 612 atque
427 512 471 584 ad
490 538 576 587 nova
592 530 670 587 vota
694 539 773 613 pars
796 512 926 599 fidelis,
947 513 1080 587 vivente
1098 512 1211 586 adhuc

101 627 237 725 coniuge
249 627 393 715 infideli,
407 630 584 717 transiret;
606 654 703 704 secus
718 656 757 703 ao
771 647 918 704 statuere
935 630 1113 704 consuevit
1124 630 1212 704 circa

101 743 253 840 toniugia
277 743 312 814 in
340 743 537 818 infidelitate
569 761 758 832 contracta,
791 763 827 818 ut
853 771 915 818 suo
949 744 1023 819 loco
1047 744 1209 818 vidimus.

101 859 162 932 lam
175 885 258 933 vero
271 858 427 934 diversae
444 861 529 935 adeo
546 860 648 935 huius
662 862 784 960 agendi
798 862 938 936 rationis
954 888 1121 961 quaenam
1136 887 1214 960 pro-

101 975 217 1049 tabilis
244 1002 348 1049 causa
373 977 539 1075 assignari
566 978 705 1078 poterit,
736 978 801 1052 nisi
825 978 915 1078 quod
942 978 1086 1052 ecclesia
1109 976 1213 1055 veluti

101 1107 301 1166 contractum
329 1093 606 1167 sacramentalem
630 1095 789 1192 spectarit
809 1096 1027 1192 coniugium,
1057 1095 1147 1194 quod
1173 1122 1213 1168 ox

101 1223 187 1305 parte
221 1206 313 1281 fideli
339 1235 380 1282 ao
409 1209 579 1310 baptizata
608 1209 729 1283 initum
755 1212 865 1283 fuerat
889 1209 1038 1308 legitime
1063 1237 1140 1285 cum
1166 1212 1215 1281 in·

101 1320 218 1395 idoli?
655 1416 656 1419 Ἴ

162 1438 254 1511 Sane
281 1440 341 1510 ll.
370 1440 458 1512 lunii
484 1443 592 1513 1708.
620 1441 804 1541 insequens
835 1442 975 1515 dubium
1002 1442 1213 1542 propositum

101 1569 161 1627 st:
179 1554 470 1654 «Nonnumquam
493 1556 658 1629 foeminae
680 1557 886 1631 christianae
903 1584 943 1629 ex
961 1557 1215 1656 dispensatione

101 1669 232 1769 nuptias
258 1670 473 1743 contrahunt·
487 1695 563 1744 cum
589 1672 673 1745 viris
699 1671 893 1745 infidelibus
912 1699 932 1745 a
954 1671 1079 1773 quibus
1097 1687 1216 1771 postea

101 1782 300 1856 abiiciuntur
322 1799 357 1857 et
381 1811 519 1884 prorsus
544 1785 766 1872 deseruntur;
790 1785 854 1859 bae
879 1811 958 1858 vero
981 1786 1150 1858 foeminae¹
1164 1786 1215 1859 sio

101 1899 213 1973 xviris
237 1900 400 1986 reiectae,
430 1901 522 2001 quod
549 1903 720 1975 continere
748 1929 785 1975 se
807 1918 995 2002 nequeant,
1018 1917 1139 2001 sponte
1156 1929 1215 1975 nu·

101 2016 196 2102 bunt,
230 2015 283 2088 vel
313 2015 498 2116 aliquando
535 2035 651 2092 contra
678 2018 849 2116 propriam
878 2017 1084 2092 voluntatem
1111 2043 1214 2116 apa·

101 2129 244 2206 rantibus
277 2158 352 2206 cum
382 2132 486 2207 altero
521 2133 674 2220 infideli,
708 2134 766 2233 qui
799 2133 1008 2233 baptismum
1040 2133 1215 2231 suscipere

101 2263 232 2344 paratus
246 2262 314 2332 est,
332 2246 381 2319 vel
396 2273 473 2320 cum
486 2248 675 2322 christiano
693 2249 813 2348 nuptui
835 2246 1051 2321 collocantur.
1074 2247 1217 2331 Quaeri*

101 2379 164 2450 mr,
194 2387 277 2434 num
304 2362 397 2436 istud
424 2362 588 2437 secudum
616 2364 867 2437 matrimonium
899 2363 1086 2461 legitimum
1112 2363 1158 2435 sit
1183 2377 1216 2435 et

101 2475 293 2550 ralidumln
309 2478 384 2550 Sao.
402 2504 558 2576 congreg.
580 2479 737 2552 sanctiss.
763 2478 994 2579 inquisitionis
1016 2477 1213 2577 responditis

101 2591 266 2691 lupariae.
286 2591 423 2678 Quare?
445 2594 512 2666 nisi
537 2594 619 2693 quia
645 2620 707 2692 pro
733 2608 824 2666 certo
850 2593 1055 2691 assumpsit,
1077 2590 1129 2665 vel
1148 2590 1216 2664 sala

101 2722 158 2782 em
170 2709 223 2781 uti
238 2708 449 2807 probabilius
462 2708 584 2782 habuit
600 2709 768 2782 eiusmodi
788 2709 1038 2782 matrimonium
1059 2734 1099 2785 ex
1123 2713 1216 2809 parte

101 2821 187 2896 idoli
219 2839 468 2897 sacramentum
498 2850 603 2910 esse,
635 2849 703 2923 quo
730 2824 829 2896 litut
854 2823 1048 2919 coniugium
1074 2848 1214 2922 prorsus

101 2935 337 3011 indissolubile
363 2936 509 3011 evadat?
526 2939 609 3011 Nam
628 2937 657 3009 si
675 2938 816 3010 mixtum
843 2937 1037 3034 coniugium
1063 2952 1216 3035 spectas-

101 3069 145 3127 set
165 3070 206 3125 ut
228 3079 356 3127 merum
381 3069 588 3128 contractum
618 3052 835 3139 naturalem,
869 3052 1153 3152 quemadmodum
1179 3053 1214 3123 in

101 3169 169 3268 pari
194 3195 282 3242 casu
308 3169 465 3244 dissolvit
489 3169 695 3244 connubium
723 3168 930 3255 infidelium,
960 3169 1007 3241 ita
1023 3183 1056 3241 ct
1073 3168 1137 3240 hoo
1156 3193 1216 3265 pa-

101 3284 175 3359 riter
200 3284 413 3360 dissolveret.

169 3398 284 3472 Altera
302 3401 387 3473 ratio
405 3426 466 3499 pro
486 3401 733 3495 hacsententia
755 3399 879 3498 petitur
895 3425 935 3470 er
956 3424 996 3470 eo
1014 3396 1105 3495 quod
1125 3394 1218 3468 nulla

101 3529 263 3616 appareat
286 3517 398 3613 gravis
424 3516 627 3605 difficultas,
664 3516 845 3616 quominus
871 3540 988 3587 verum
1015 3527 1218 3611 agnoscatur

101 3656 136 3705 ox
158 3645 255 3732 parte
279 3630 389 3704 fidelis
411 3632 565 3729 coniugis
591 3646 849 3705 sacramentum.
874 3631 957 3701 Nam
975 3627 1019 3700 de
1037 3627 1217 3725 capacitate

101 3744 260 3849 baptizati
285 3772 353 3820 non
379 3764 431 3820 est
456 3747 546 3848 quod
568 3747 744 3834 dicamus,
769 3773 845 3819 cum
871 3772 911 3818 ea
937 3744 971 3816 in
998 3742 1153 3817 confesso
1172 3739 1218 3813 sit

101 3860 190 3962 apud
215 3885 355 3946 omnes;
376 3862 489 3960 itaque
514 3862 614 3935 unica
639 3860 821 3933 difficultas
848 3859 986 3959 reperiri
1007 3872 1124 3956 posset
1146 3856 1219 3929 sive

101 3991 263 4076 exparte
293 3976 468 4065 ministri,
497 3977 556 4076 qui
585 3975 733 4048 infidelis
758 3974 889 4049 censeri
917 3973 1055 4072 nequit,
1084 3971 1156 4045 sive
1178 3996 1218 4043 ex

101 4109 220 4169 natura
242 4109 434 4167 contractus
455 4109 489 4167 et
514 4093 736 4180 sacramenti,
761 4092 852 4192 quod
881 4092 915 4164 in
943 4089 1118 4165 individuo
1143 4114 1219 4185 con·

101 4208 209 4295 sistit,
232 4233 294 4280 nec
316 4207 507 4282 claudicare
525 4223 653 4308 potest,
676 4224 713 4281 ut
732 4208 859 4282 scholis
881 4205 1041 4307 loquendi
1058 4231 1132 4278 mos
1152 4220 1214 4277 est.

101 4322 203 4398 diunt
226 4325 341 4424 itaquo
361 4342 419 4399 aut
444 4325 478 4397 in
504 4340 647 4424 utroque
672 4324 889 4399 contrahente
916 4323 1082 4422 reperitur
1107 4316 1218 4415 sacra·
