2804 5062
138 409 264 464 orum.
278 414 317 463 ua
327 413 421 462 utra.
436 408 571 461 nusum.
584 412 648 461 mr.
661 413 696 463 su
711 411 842 463 vnuuuu
856 413 949 463 curu.
962 415 1032 463 aar.
1044 416 1079 464 u.
1136 390 1205 463 rit

161 530 263 620 Quod
290 530 424 604 demum
455 531 601 629 septimo
625 530 699 605 loco
724 533 864 632 petitum
893 547 945 606 est
972 550 1206 632 argumentum

125 646 283 721 ,diversa
305 643 472 720 sentiendi
491 646 682 744 agendique
700 647 847 734 ratione,
868 674 956 747 quae
978 648 1066 721 circa
1088 648 1207 722 haere·

125 788 229 838 torum
256 762 431 858 coniugia,
459 777 518 834 aut
542 761 697 858 coniugia
724 763 826 834 mixta
852 789 913 862 pro
937 763 1040 837 variis
1064 764 1206 861 epochis

125 879 234 952 »tinuit
260 880 294 949 in
321 876 436 950 Galliis
463 875 590 947 iamdiu
606 876 814 949 eliminatum
833 894 884 951 est
902 905 942 951 eu
960 879 1206 979 multiplicibus

125 1020 175 1066 m.
204 991 428 1094 pontificum,
454 1017 695 1092 sacrarumque
720 995 1016 1091 congregationum
1035 995 1208 1094 rescriptis

125 1140 128 1177 r
152 1106 439 1194 resolutionibus,
462 1106 588 1206 quibus
613 1106 707 1180 nullo
732 1108 881 1182 cuiusvis
907 1110 1076 1209 epochae,
1098 1136 1138 1182 ac
1156 1109 1209 1182 di·

125 1225 177 1300 rui
206 1240 316 1298 status
341 1221 602 1297 acatholicorum
621 1223 820 1296 discrimine
842 1225 946 1312 lacto,
972 1224 1103 1298 illorum
1130 1251 1209 1300 con-

125 1339 185 1439 gia
212 1338 308 1412 nulla
331 1365 371 1412 ac
396 1339 490 1411 irrita
516 1340 737 1436 pronunciata
764 1355 854 1412 sunt.
872 1341 945 1413 Hoc
961 1367 1002 1413 ex
1020 1340 1132 1415 allatis
1152 1367 1209 1414 su-

125 1456 209 1530 trius
235 1454 448 1529 documentis
472 1454 644 1528 evidenter
668 1456 859 1529 innotescit.
1207 1466 1209 1469 ’

160 1570 300 1644 Falsum
325 1569 453 1667 paritor
478 1595 518 1641 ex
542 1569 664 1641 iisdem
689 1569 900 1644 documentis
924 1572 1204 1671 deprehenditur,

125 1687 179 1761 rod
209 1711 230 1760 a
256 1683 429 1757 nonnullis
459 1684 592 1757 incaute
622 1685 804 1772 adiicitur,
835 1687 1014 1760 ecclesiam
1039 1713 1106 1760 non
1135 1688 1210 1761 adi-

125 1800 381 1876 cohaereticos
408 1799 451 1872 ad
480 1799 681 1873 catholicam
706 1800 807 1873 fidem
839 1827 1021 1875 conversos
1046 1802 1090 1874 ad
1116 1828 1209 1877 reno

125 1917 239 1991 ndum
259 1939 462 1988 consensum
480 1936 593 1987 coram
612 1915 759 2014 parocho
774 1915 817 1987 ad
837 1941 989 1987 normam
1009 1916 1210 1991 tridentinae

125 2033 186 2132 gis.
220 2032 306 2103 Nam
332 2045 457 2103 certum
483 2046 535 2102 cst
560 2029 738 2103 ecclesiam
767 2031 932 2103 eiusmodi
959 2031 1209 2106 renovationem

125 2146 222 2248 igere
243 2145 378 2246 quoties
397 2145 471 2217 sine
489 2145 639 2244 periculo
657 2146 728 2218 lieri
752 2162 879 2245 potest,
902 2162 960 2220 aut
977 2146 1206 2233 dissimulare,

144 2261 336 2364 periculum
363 2261 488 2347 instet,
518 2286 643 2359 eosque
669 2261 859 2360 relinquere
885 2263 919 2333 in
947 2261 1035 2335 bona
1063 2261 1151 2349 fide,
1172 2278 1210 2334 ut

125 2394 205 2466 unt,
237 2377 357 2450 autin
383 2375 496 2448 radice
522 2402 641 2449 sanare
662 2381 750 2472 (66).

161 2494 207 2566 Bt
225 2492 312 2565 hacc
334 2492 472 2590 quidem
494 2493 606 2590 quoad
634 2492 852 2566 fundamenta
877 2494 998 2595 prioris
1026 2493 1211 2566 sententiae

125 2607 217 2682 ribus
252 2607 420 2680 eiusmodi
455 2608 742 2681 matrimoniorum
772 2608 866 2681 valor
891 2625 1133 2708 propugnatur.
1162 2609 1211 2681 Ex

125 2722 276 2797 illatione
293 2722 639 2810 animadversionum,
658 2750 746 2821 quae
764 2724 806 2796 ab
825 2724 927 2797 huius
946 2724 1131 2798 sententiae
1149 2725 1212 2796 im-

125 2837 338 2937 uguatorihus
365 2838 449 2910 liunt
466 2839 508 2910 ad
526 2839 593 2911 vim
615 2839 839 2911 enervandam
861 2857 1135 2938 argumentorum
1143 2866 1212 2942 pro

125 2951 266 3027 iliditate
296 2954 550 3050 coniugiorum,
580 2980 669 3052 quae
695 2954 738 3026 ab
765 2955 943 3029 haereticis
970 2957 1213 3030 contrahuntur

125 3068 232 3144 tlocis
250 3068 309 3142 ubi
333 3070 504 3143 decretum
526 3069 741 3142 tridentinum
767 3072 1013 3169 promulgatum
1030 3087 1098 3157 est,
1120 3070 1211 3168 quis-

125 3210 159 3260 to
187 3185 349 3282 intelligit
373 3212 413 3258 ea
439 3184 565 3257 nullius
595 3186 728 3285 ponitus
761 3186 891 3259 roboris
925 3212 1025 3271 esse,
1056 3212 1095 3257 ac
1123 3184 1212 3257 serio

164 3502 217 3565 (ou)
234 3500 325 3564 Reipsu
334 3500 408 3550 etiam
419 3503 451 3550 i).
461 3501 575 3550 Bouricr.
588 3501 677 3550 instit.
691 3497 801 3563 theolop.
814 3502 851 3549 De
861 3501 941 3548 matr.
953 3500 999 3548 art.
1015 3500 1058 3548 lv.
1070 3497 1093 3560 §.
1107 3505 1129 3548 2.
1142 3496 1216 3548 reteri

131 3578 300 3631 huonnuiiis
318 3579 462 3643 germanicis
480 3577 650 3641 dioecesibus,
672 3592 712 3629 or.
727 3593 762 3641 gr.
781 3579 806 3626 in
828 3577 981 3642 frisingensi,
1006 3578 1111 3626 testante
1133 3576 1214 3627 coiiet

125 3662 228 3712 niv.
237 3659 423 3710 matrimonium
433 3659 612 3710 haereticorum
620 3658 651 3708 ad
661 3657 734 3709 fidem
744 3659 890 3710 catholicam
903 3657 1058 3708 redeuntium
1068 3658 1211 3707 iterantur.»
1282 3643 1285 3650 '

125 3741 261 3807 tquideru3
276 3742 373 3790 minan
386 3739 468 3789 solum
479 3740 505 3788 in
515 3741 662 3789 Germaniae
670 3737 835 3800 dioecesibus,
847 3737 889 3788 sed
905 3737 996 3800 unique
1007 3736 1132 3798 locorum,
1142 3734 1214 3784 dum·

125 3818 167 3872 nilo
179 3834 265 3872 rerum
276 3819 392 3870 adiuncta
406 3820 542 3883 patiantur,
554 3823 687 3869 renovatur
700 3818 819 3867 eiusmodi
835 3829 967 3867 consensus
982 3816 1056 3865 abiis
1072 3815 1114 3877 qui
1130 3814 1212 3864 calho-

125 3913 166 3952 ιω
174 3900 330 3963 religionem,
338 3899 451 3950 abiurata
460 3899 563 3961 lraerusi,
574 3898 845 3962 momentaneamque
854 3912 934 3947 rorum
944 3897 1060 3946 adiuncto
1068 3895 1093 3944 id
1102 3895 1212 3959 poscant,

125 3980 164 4032 uia
175 3980 323 4032 conceditur
334 3979 397 4042 parti
410 3979 441 4028 ad
454 3992 535 4029 veram
548 3978 621 4027 tidem
633 3991 764 4028 conr'rrsae
774 3991 850 4028 noras
862 3977 960 4027 inerrndi
973 3979 1079 4040 nuptias,
1088 3981 1115 4025 ut
1126 3976 1213 4025 celeris

125 4061 204 4125 rhais,
226 4061 324 4109 constat
337 4071 366 4109 ex
383 4058 448 4109 decr.
461 4071 510 4109 sao.
522 4071 634 4121 congreg.
648 4057 745 4107 concilii
764 4057 789 4106 iu
807 4071 880 4107 carisa
899 4054 1074 4107 wormatiensi
1089 4066 1129 4105 uu.
1143 4058 1210 4105 17³1.

126 4140 216 4191 ‚icon
226 4139 253 4188 ln
269 4151 319 4202 qus
332 4150 381 4188 nou
397 4137 478 4187 solum
497 4137 634 4187 reseruntur
647 4135 745 4187 decreta
757 4135 850 4186 iamdiu
862 4137 888 4185 in
900 4135 1004 4185 eundern
1016 4147 1113 4184 sensum
1124 4133 1214 4184 emissa

125 4240 126 4264 ι
139 4220 271 4272 nullitate
284 4219 454 4280 coniugiorum
468 4216 601 4281 dequibus
617 4219 655 4266 ast
668 4230 763 4279 sermo,
778 4217 842 4267 inter
863 4215 1013 4275 haereticos,
1034 4227 1119 4264 rerum
1138 4213 1213 4264 eiiam

125 4299 212 4352 uitur
225 4298 332 4349 facultas
348 4297 415 4348 aliud
434 4296 535 4348 incundi
553 4296 703 4361 coniugium.
726 4297 763 4347 cr.
782 4297 808 4346 in
827 4295 957 4348 Thesauro
976 4293 1084 4346 resolui.
1103 4295 1164 4344 torn.
1180 4295 1211 4344 i'.

125 4394 148 4445 8·
164 4385 208 4433 ¹⁵⁷
220 4391 292 4442 seqq.
1142 4451 1164 4496 ι
