2804 5062
209 386 927 440 trencnrrccc.rorssnmsrnnnrnurrn.
941 387 1148 438 oronnam.
1180 365 1247 436 ΗΒ

162 503 194 577 uti
214 533 250 578 er
274 502 498 590 Cabassutio,
526 518 559 577 et
583 528 624 576 ex
649 502 810 601 suffragio
843 502 909 576 lato
938 503 972 575 in
1002 502 1149 576 concilio
1175 504 1248 604 ipso

160 620 317 694 tndeutino
342 618 387 692 sb
409 618 571 719 episcopo
591 635 781 716 augustano
804 617 1051 693 adnotavimus.

209 737 243 808 2.
270 733 496 808 Adversarius
530 750 568 807 ut
598 751 694 807 eruat
725 734 778 808 ius
808 734 842 807 in
876 734 1023 809 subditis
1054 734 1096 807 ad
1127 733 1251 808 baben·

152 847 212 921 dun
239 849 498 936 relaxationem,
526 864 628 947 atque
657 847 893 945 obligationem
924 848 967 921 ad
996 876 1071 922 earn
1101 849 1249 923 dandam

152 989 183 1036 er
206 963 563 1063 parte'superiorum,
586 988 647 1061 pro
671 979 761 1035 certo
786 963 892 1036 sumit
909 961 992 1034 illud
1014 963 1252 1062 praestandum

146 1077 375 1177 obligationem
393 1077 536 1163 inlerre,
555 1094 588 1150 et
606 1094 735 1162 minen,
755 1094 791 1150 ut
809 1093 951 1175 petates
965 1079 1127 1151 orationis
1142 1079 1247 1166 serie,
1289 1099 1293 1110 ·

147 1219 182 1266 aa
203 1220 266 1267 vox
283 1193 543 1292 praestandum,
571 1221 638 1266 non
664 1193 819 1292 exprimit
843 1193 985 1265 debitum
1011 1194 1247 1279 relaxationis,

144 1308 196 1382 ssd
212 1309 346 1381 evodum
364 1308 547 1409 praecipit,
564 1335 631 1408 quo
649 1309 814 1382 eiusmodi
834 1308 1054 1383 relaxationes
1078 1309 1251 1384 faciendae

143 1425 221 1510 sint,
242 1450 351 1498 causa
369 1424 514 1523 primum
537 1425 693 1523 cognita,
712 1450 753 1497 ac
774 1452 905 1498 summa
922 1427 1132 1513 maturitate;
1154 1441 1252 1526 prout

144 1541 243 1638 magis
270 1539 389 1638 patefit
415 1565 455 1612 ex
482 1567 611 1639 poena,
640 1568 700 1615 seu
728 1542 986 1615 comminatione
1011 1543 1161 1617 adiecta:
1190 1543 1252 1615 oli·

144 1671 244 1754 terque
271 1655 473 1754 dispensatio
495 1657 604 1754 sacto,
633 1657 828 1755 subreptitio
853 1674 1031 1730 censeatur.

206 1773 241 1842 θ.
272 1768 481 1843 Universalis
512 1770 678 1845 ecclesiae
702 1772 816 1871 praxis
844 1772 1036 1845 immediate
1063 1790 1139 1872 post
1171 1798 1252 1846 cou-

144 1884 204 1957 cilii
231 1884 408 1958 tridentini
435 1883 691 1958 celebrationem
726 1887 852 1958 iamdiu
877 1913 991 1958 vcmm
1021 1886 1144 1959 decreti
1178 1913 1251 1960 sen-

143 2026 209 2073 sum
241 2000 490 2074 determinavit.
523 2001 607 2073 Nam
639 2001 692 2075 rel
720 2001 743 2072 ii
778 2000 845 2099 ipsi
877 2001 1050 2100 episcopi,
1078 2026 1098 2074 e
1123 2000 1249 2101 quibus

144 2115 308 2191 decretum
336 2115 521 2200 emanavit,
544 2115 587 2188 ad
611 2116 709 2190 sedes
735 2143 815 2189 suas
834 2117 958 2189 reversi
982 2142 1151 2190 recurrere
1175 2143 1252 2192 con-

144 2247 321 2306 sueverunt
344 2231 388 2304 ad
414 2231 634 2329 apostolicam
661 2233 776 2305 sedem
801 2249 838 2304 ut
862 2231 1050 2306 obtinerent
1079 2232 1250 2305 relaxandi

144 2346 342 2421 lacultatcm.
373 2346 414 2419 bt
437 2363 526 2420 certe
550 2347 616 2446 ipsi
642 2347 768 2421 decreti
795 2348 967 2421 tridentini
994 2374 1132 2420 sensum
1157 2349 1252 2444 igno-

146 2488 211 2536 rare
228 2489 299 2535 non
319 2477 483 2561 poterant.
504 2463 578 2536 Duo
596 2462 738 2536 concilia
756 2463 997 2562 provincialia,
1018 2464 1157 2563 quaein
1176 2462 1252 2538 Gal-

144 2577 191 2652 liis
207 2594 288 2679 post
307 2576 523 2651 tridentinam
550 2578 718 2678 synodum
737 2595 919 2652 convocata
935 2596 1033 2665 sunt,
1054 2579 1182 2652 scilicet
1199 2594 1252 2653 tu·

145 2719 279 2768 ronense
304 2708 340 2766 et
364 2692 574 2780 tolosanum,
594 2709 633 2766 ut
657 2720 719 2767 suo
747 2693 819 2768 loco
844 2694 1018 2780 vidimus,
1039 2694 1254 2768 declararunt

144 2808 315 2908 episcopos
342 2806 433 2879 baud
460 2832 559 2907 posse
582 2807 783 2906 dispensare
799 2808 843 2881 ab
861 2809 1113 2907 impedimentis
1139 2809 1252 2884 matri·

147 2924 288 2997 monium
309 2921 559 2995 dirimentibus.
581 2923 744 3008 Demum,
764 2924 902 2998 omissis
921 2924 1087 3024 theologis
1105 2942 1137 2999 et
1155 2950 1253 3000 cano·

147 3063 217 3109 num
233 3037 501 3136 interpretibus,
529 3039 587 3137 qui
606 3039 783 3112 unanimes
800 3040 865 3112 bac
884 3040 918 3110 in
937 3067 972 3113 re
990 3058 1089 3126 sunt,
1114 3065 1253 3138 congre-

144 3154 291 3248 gationes
319 3179 475 3226 romanae
500 3180 614 3227 verum
641 3181 904 3255 germanumque
930 3156 1101 3227 tridentini
1128 3154 1252 3228 decreti

144 3294 276 3343 sensum
290 3284 516 3366 aperuerunt,
534 3286 570 3341 ut
588 3285 728 3343 testatur
744 3272 944 3344 Benedictus
957 3271 1040 3341 XlV.
1056 3269 1112 3341 his
1125 3267 1252 3342 verbis:

144 3383 296 3457 «Sacrae
317 3382 411 3455 urbis
430 3385 725 3480 congregationes,
742 3385 875 3458 concilii
894 3384 1067 3470 videlicet,
1084 3400 1117 3457 et
1135 3411 1254 3484 supre-

142 3524 210 3571 mas
228 3496 484 3596 inquisitionis,
506 3524 573 3569 non
592 3499 694 3573 semel
714 3500 985 3599 proscripserunt
1007 3516 1176 3598 tamquam
1196 3499 1254 3573 lal-

142 3638 208 3686 sam
235 3629 272 3686 et
305 3612 515 3685 temerariam
547 3614 812 3713 propositionem
846 3631 1052 3688 asserentem
1084 3614 1254 3716 episcopis

142 3727 189 3802 ius
222 3728 448 3827 dispensandi
484 3756 587 3829 super
613 3730 851 3830 impedimento
889 3732 1068 3805 dirimente
1095 3731 1249 3831 publico,

142 3843 226 3941 quod
253 3842 399 3917 obsistat
417 3844 632 3918 matrimonio
651 3846 894 3931 contrahendo,
919 3847 1050 3920 etiamsi
1069 3846 1183 3941 gravis
1200 3871 1254 3917 ur·

143 3975 213 4052 gest
238 3957 323 4030 illud
349 3958 569 4032 contrahendi
596 3962 781 4035 necessitas
803 3964 922 4056 (78).n

212 4075 245 4146 l.
275 4071 375 4146 Falso
403 4075 547 4149 assumit
576 4074 789 4151 adversarius
823 4077 1039 4152 tridentinum
1075 4077 1119 4149 ad
1149 4077 1255 4178 perle

147 4190 281 4263 ctionem
309 4189 444 4262 tandem
471 4189 654 4264 adduxisse
683 4192 819 4267 decreto
844 4220 906 4267 suo
932 4192 1175 4267 relaxationum
1200 4216 1255 4291 ry·
1295 4227 1297 4231 ·

206 4343 255 4401 (tt)
273 4345 310 4391 De
326 4340 424 4404 turmo
437 4339 517 4391 dtoec.
530 4341 573 4391 lib.
587 4343 628 4391 tx.
645 4354 699 4404 cap.
717 4345 746 4391 tt.
