2804 5062
138 381 1072 442 meurmeu.roamonos.uirn.nernsrons.iar.1r.
1130 367 1200 442 itt

162 508 293 582 Etenim
328 507 451 608 synodi
488 507 703 607 pistoriensis
732 507 885 608 adeoque
914 509 1024 610 Nuytz
1053 508 1207 584 doctrina

125 621 179 698 irca
201 621 397 724 sponsalia,
428 649 494 697 non
519 639 572 697 est
592 623 659 697 nisi
684 622 897 698 corollarium
923 623 1082 725 principii
1106 639 1205 698 antea

125 740 258 813 emtituti
291 739 335 811 de
367 753 531 839 potestate
559 737 697 838 politica
724 739 759 810 in
791 739 1052 812 matrimonium.
1091 739 1206 838 Siquis

126 878 166 926 om
189 852 292 926 semel
316 852 427 953 posito
451 853 542 953 quod
571 852 763 952 Principum
789 852 833 926 sit
859 853 1108 927 matrimonium
1133 878 1204 927 mo·

125 967 222 1054 omri,
258 967 479 1066 eiusdemque
511 966 752 1069 impedimenta
784 967 977 1040 dirimentia
1011 970 1205 1042 auctoritate

125 1082 223 1183 roprie
248 1083 474 1170 constituere,
505 1097 564 1155 aut
587 1081 756 1169 relaxare,
787 1108 909 1156 causas
937 1083 1201 1158 matrimoniales

125 1223 287 1296 ignoscere
304 1224 345 1271 ac
362 1197 529 1286 iudicare,
546 1224 689 1298 pronum
706 1215 778 1272 erat
794 1198 916 1273 inferre
930 1198 1106 1298 sponsalia
1119 1225 1202 1299 quo

125 1314 170 1400 ie,
184 1328 302 1411 utpote
318 1328 430 1385 actum
446 1312 680 1412 disponentem
697 1312 741 1385 ad
759 1313 909 1410 coniugii
923 1311 1200 1402 celebrationem

142 1450 218 1500 oum
240 1451 282 1500 eo
307 1426 425 1499 intime
448 1453 674 1500 connexuma
698 1427 861 1524 regimine
882 1426 1017 1527 politico
1042 1428 1199 1527 pendae.

125 1567 186 1640 tero
202 1568 310 1642 quum
328 1542 533 1642 principium
546 1542 715 1617 eiusmodi
731 1541 872 1630 falsum,
889 1568 1082 1631 erroneum,
1100 1543 1202 1618 immo

125 1684 162 1734 ro
176 1674 211 1732 et
225 1657 431 1731 haereticum
450 1656 567 1732 haberi
584 1657 717 1746 debeat,
735 1658 826 1731 iuxta
843 1685 883 1731 ea
900 1684 989 1757 quae
1002 1658 1078 1732 lusa
1094 1674 1203 1732 osteu-

125 1798 219 1862 mus,
247 1799 312 1848 nos
331 1799 372 1846 en
397 1773 565 1847 contrario
581 1774 751 1874 principio
776 1772 966 1871 colligimus
984 1773 1058 1847 iure
1075 1774 1202 1871 optimo

125 1887 185 1964 luti
211 1889 357 1978 falsam,
383 1914 576 1977 erroneam,
597 1915 639 1963 ae
663 1889 834 1964 haeretice
851 1887 927 1962 labe
944 1888 1102 1962 inlectam
1123 1913 1203 1988 pro-

125 2004 245 2107 riptam
271 2004 380 2080 fuisse
404 2004 657 2106 pseudosynodi
686 2031 726 2080 ac
747 2003 972 2104 Nepomuccni
999 2005 1109 2104 Nuytz
1142 2003 1203 2078 do-

125 2144 240 2195 nnum.
1074 2206 1076 2211 ¹

156 2235 221 2310 Sed
238 2251 272 2310 et
289 2263 331 2310 ex
347 2236 466 2310 intima
483 2237 532 2312 rei
549 2253 670 2312 natura
687 2237 722 2310 id
740 2238 854 2337 ipsum
875 2237 1094 2310 adstruimus.
1116 2234 1199 2309 Cum

125 2348 172 2425 tim
186 2352 441 2427 matrimonium
459 2352 682 2428 christianum
701 2354 746 2428 sit
763 2352 930 2427 aCbristo
943 2351 986 2426 ed
1000 2352 1201 2437 sacramenti

125 2465 280 2562 finitatem
302 2483 474 2556 ereetum,
498 2493 538 2541 ac
556 2493 592 2540 re
612 2468 845 2542 indistinctum
863 2494 883 2540 a
901 2466 1053 2540 naturali'
1068 2483 1202 2540 contra-

125 2603 158 2668 ι,
175 2581 316 2656 omnino
342 2581 578 2682 consequitur,
601 2583 745 2682 quodsi
771 2582 854 2655 illud
881 2609 921 2656 ex
943 2581 1060 2656 divine
1084 2581 1202 2682 dispo-

125 2694 204 2770 tione
230 2697 386 2771 subiacet
408 2696 571 2772 eeclesiae
596 2699 773 2798 potestati,
805 2698 979 2772 subiacere
1009 2698 1201 2774 necessario

125 2808 224 2917 bqffll
247 2814 401 2889 eiusdem
426 2815 615 2889 auctoritati
637 2815 810 2916 sponsalia
827 2832 941 2916 utpote
964 2841 1054 2916 quae
1075 2816 1119 2889 ad
1144 2841 1200 2889 sa>-

125 2944 290 3021 omentum
316 2928 379 3002 rite
404 2929 660 3029 suscipiendum
678 2929 875 3029 disponunt.
905 2929 956 3000 nd
979 2956 1055 3002 eum
1080 2955 1202 3028 nempe

125 3041 239 3133 mum,
269 3071 339 3144 quo
362 3045 661 3119 catechumenatus
687 3061 842 3145 respectu
871 3044 1056 3144 baptismi,
1085 3069 1125 3116 ac
1148 3043 1201 3114 di·—

125 3157 286 3232 tositiones
312 3159 468 3258 praeviae
492 3160 535 3233 ad
557 3176 768 3233 sacramenta
792 3159 923 3258 reliqua
939 3158 1063 3231 debent
1084 3156 1129 3229 ab
1146 3182 1201 3230 eo-

125 3273 187 3347 oela
216 3275 320 3347 unice
348 3274 470 3373 dirigi,
498 3275 581 3348 adeo
606 3291 643 3347 ut
673 3275 748 3376 ipsa
777 3291 810 3348 et
834 3274 968 3373 quidem
995 3272 1068 3346 sola
1092 3271 1201 3372 possit

125 3412 276 3489 monere,
293 3391 479 3479 moderari,
495 3391 702 3479 diiudicare,
718 3391 897 3465 decernere
914 3415 1002 3489 quae
1019 3387 1062 3461 ad
1081 3388 1199 3461 eadem

125 3501 212 3595 lide,
227 3506 320 3580 licite
337 3523 438 3607 atque
450 3534 528 3582 cum
542 3507 649 3580 fructu
666 3506 886 3606 suscipienda
899 3503 1133 3604 requiruntur,
1150 3503 1201 3577 sic

125 3617 182 3694 iam
207 3621 316 3696 solius
340 3622 504 3698 ecclesiae
529 3638 581 3696 est
606 3623 649 3697 ob
674 3622 829 3696 intimum
851 3647 972 3694 nexum
997 3646 1097 3720 quem
1123 3645 1200 3694 oum

125 3736 250 3811 nnubio
266 3739 503 3812 sacramentali
522 3738 648 3813 babent
666 3737 858 3839 sponsalia,
879 3763 920 3811 ea
937 3762 1069 3834 regere,
1095 3735 1139 3806 de
1155 3733 1200 3806 iis

125 3875 284 3952 munere,
312 3853 404 3951 leges
430 3869 596 3942 statuere,
623 3854 733 3953 deque
759 3854 908 3953 ipsorum
925 3850 1037 3926 valore
1054 3875 1093 3923 ae
1117 3847 1201 3946 legi-

125 3966 222 4041 nitate
247 3968 411 4042 iudicium
437 3970 534 4043 lerre.

153 4080 226 4159 lluc
252 4084 382 4160 accedit
406 4086 497 4187 quod
523 4113 564 4159 ex
587 4084 804 4185 sponsalibus
829 4084 1067 4185 impedimenta
1089 4081 1201 4154 orian-

125 4199 226 4274 reive
251 4199 446 4275 dirimentia
468 4202 540 4276 sive
558 4202 779 4303 impedientia
796 4200 1065 4288 matrimonium,
1084 4214 1122 4270 ut
1140 4223 1200 4297 pa-

125 4318 186 4401 lex
209 4315 452 4417 impedimento
478 4315 636 4416 publicae
663 4316 869 4406 honestatis,
891 4313 982 4417 quod
1007 4312 1199 4411 coniugium

125 4430 188 4562 1ἔῖῐι
1016 4519 1032 4527 ,Ν
1119 4457 1154 4510 nt
