2804 5062
240 341 321 414 ‘1³0
444 360 508 414 ura.
528 361 564 414 u.
582 361 672 413 sacr.
692 361 825 414 rursm.
845 360 1030 414 ns'rorrsr.
1053 361 1166 415 cirrus.

249 481 330 556 bent
346 481 381 554 in
400 480 607 556 conscientia
627 481 861 581 acquiescere:
886 482 1047 583 quoniam
1074 479 1176 557 aliter
1195 507 1295 582 agere
1309 512 1350 560 ne

246 612 393 699 queunt,
409 613 444 671 et
457 597 549 671 iuxta
563 596 724 672 rationem
738 622 878 672 necesse
889 614 943 672 est
953 623 1009 672 res
1022 598 1163 672 tandem
1182 599 1352 702 aliquando

247 713 428 789 terminum
446 713 605 789 habeant.
622 714 691 788 lam
712 739 792 789 rero
808 711 1004 789 huiusmodi
1025 714 1243 791 ratiocinatio
1261 743 1354 820 aeque

247 827 414 931 applicari
438 843 548 930 potest
570 828 667 904 casui
685 828 720 903 in
738 854 807 930 quo
831 829 1038 905 sententiaa
1055 829 1173 907 iudice
1193 832 1289 908 cirili
1307 833 1354 906 de

250 941 439 1019 nondam.

322 1057 473 1147 interea,
498 1057 529 1133 si
553 1082 767 1161 quacumque
790 1083 831 1135 ex
855 1075 951 1160 parte
975 1061 1084 1136 oritur
1106 1061 1306 1151 condictus,
1322 1088 1355 1136 eo

248 1170 370 1246 melius
394 1188 486 1275 patet
509 1171 673 1248 iudicium
696 1172 742 1248 ad
770 1200 857 1274 quos
886 1173 1018 1276 spectat
1043 1174 1199 1276 relinqui
1228 1172 1352 1265 debere,

247 1312 370 1390 nempe
394 1285 582 1363 auctoritati
606 1286 712 1363 cirili.

291 1494 293 1499 ι
319 1401 457 1478 decedit
473 1402 566 1506 quod
591 1403 633 1479 ad
658 1401 836 1479 ecclesiam
862 1403 999 1478 minime
1023 1403 1197 1504 pertineat
1216 1406 1356 1503 iudicare

248 1518 282 1593 in
300 1518 372 1596 loro
389 1518 736 1608 camerancensis,
764 1545 852 1620 quae
876 1518 1028 1619 pervim
1054 1519 1251 1597 executioni
1276 1549 1357 1597 mau-

238 1633 361 1710 dnnda
384 1634 553 1724 rincum
579 1634 654 1710 eius
678 1633 856 1736 imperium
882 1633 929 1709 sit
952 1634 987 1708 in
1004 1637 1267 1729 -conscientias3
1292 1639 1356 1741 ipsa

246 1751 371 1827 limites
395 1777 479 1827 suos
497 1750 743 1851 transgreditur
758 1751 810 1825 sic
826 1750 975 1850 agendo,
996 1765 1099 1852 atque
1116 1752 1225 1827 etiam
1246 1754 1356 1829 amittit

245 1867 405 1944 fiduciam
426 1893 496 1969 qua
520 1867 666 1941 maxime
682 1882 768 1965 eget.
780 1865 815 1939 Si
833 1867 909 1967 ipsa
925 1880 1080 1941 contenta
1096 1882 1194 1942 esset
1217 1868 1356 1944 iudicare

233 1983 281 2056 :in
306 1983 378 2058 loro
403 1982 535 2059 interno
559 2009 619 2083 per
643 2008 726 2057 suos
757 1981 1001 2068 confessarios,
1029 1981 1064 2055 id
1091 2009 1286 2085 numquam
1308 2010 1356 2060 ac

239 2097 392 2186 cidara,
412 2099 494 2200 quia
511 2098 570 2198 qui
596 2098 641 2172 ad
666 2124 725 2173 eos
751 2097 911 2187 recurrit,
931 2095 988 2171 illo
1004 2112 1057 2171 est
1073 2098 1134 2198 qui
1153 2123 1275 2175 rocem
1291 2126 1356 2176 con

233 2214 407 2294 :scientiae
431 2214 620 2315 experitur,
645 2231 748 2314 atque
771 2229 887 2314 utpote
912 2211 943 2287 is
967 2212 1026 2313 qui
1051 2230 1211 2289 moretur
1235 2216 1356 2290 animae

234 2354 326 2406 suae
339 2329 523 2406 salvandae
535 2329 727 2419 desiderio,
743 2345 777 2405 et
788 2329 886 2404 cuius
900 2328 1043 2429 proinde
1054 2329 1200 2406 interest
1218 2332 1355 2432 pandera

234 2446 414 2519 ueritatem
448 2445 551 2518 iudici
578 2471 638 2519 seu
664 2444 870 2520 confessario
899 2443 953 2518 cui
979 2442 1017 2518 se
1041 2443 1155 2532 sistit,
1190 2448 1352 2522 veritatem

244 2586 379 2660 semper
402 2560 612 2634 adamussim
639 2560 777 2660 aperiet.

240 2734 242 2739 .
316 2678 358 2750 llt
374 2704 457 2751 sane
474 2703 598 2751 causae
616 2677 879 2753 matrimoniales
904 2703 1028 2776 semper
1044 2677 1087 2749 ad
1106 2677 1294 2755 tribunalia
1315 2681 1354 2753 ci·

242 2789 325 2865 vilia
337 2806 542 2892 spectarunt.
555 2793 651 2880 Quod
665 2793 694 2866 si
710 2792 854 2866 ecclesia
867 2819 904 2866 se
917 2792 952 2865 in
966 2791 1042 2867 illas
1057 2793 1217 2891 ingerere
1230 2796 1351 2894 sategit,

243 2906 278 2979 id
301 2906 441 3005 contigit
463 2923 591 2980 tantum
617 2907 728 2982 medio
753 2933 857 2995 aeuo,
885 2907 1098 2981 tenebrarum
1121 2909 1257 2985 scilicet
1281 2929 1352 2986 ten·

243 3047 345 3123 pore,
372 3048 440 3124 quo
465 3022 607 3097 ecclesia
624 3037 672 3096 tot
688 3023 798 3098 modis
815 3040 908 3097 extra
925 3023 1078 3124 proprios
1097 3023 1185 3100 lines
1205 3051 1347 3126 egressa,

243 3138 328 3214 lines
354 3139 463 3214 civilis
490 3139 613 3213 inuasit
638 3140 783 3240 imperii.

315 3253 415 3341 Quod
440 3255 470 3330 si
497 3254 623 3357 aliquis
649 3255 748 3330 modo
774 3273 956 3357 opponeret
979 3281 1146 3331 canonem
1163 3258 1242 3332 ΧΗ.
1262 3284 1346 3334 conc.

241 3370 414 3443 tridentini
441 3397 529 3444 sess.
545 3371 657 3444 XXlV.
685 3371 923 3471 responderem
949 3371 1105 3445 similiter·
1130 3398 1172 3446 ac
1198 3373 1348 3477 respondi

241 3487 360 3559 canoni
382 3487 435 3557 lv.
456 3486 538 3560 Dico
556 3485 658 3583 igitur
675 3503 732 3560 aut
749 3514 910 3561 canonem
928 3513 994 3562 non
1012 3513 1090 3562 esse
1106 3487 1346 3587 dogmaticum,

240 3617 298 3674 aut
315 3600 408 3701 loqui
435 3602 478 3674 de
504 3618 668 3702 potestate
685 3629 753 3703 qua
769 3630 832 3678 usa
850 3618 903 3676 est
918 3601 1060 3676 ccclesia
1078 3629 1119 3676 ex
1136 3605 1348 3679 concessione

239 3716 343 3791 civili.

314 3832 412 3918 Quod
424 3860 502 3909 vero
512 3834 660 3909 diximus
670 3835 835 3909 decausis
849 3833 1221 3925 matrimonialibus,ad
1235 3860 1347 3911 causas

240 3949 450 4049 sponsalium
476 3952 638 4051 applicari
664 3968 793 4052 potest;
823 3953 890 4026 imo
915 3969 949 4025 et
972 3979 993 4025 a
1017 3951 1164 4040 fortiori3
1187 3953 1223 4024 in
1242 3953 1346 4028 causis

235 4065 328 4138 enim
358 4066 662 4141 matrimonialibus
696 4085 887 4167 praetextus
920 4068 1035 4141 aderat
1067 4070 1293 4157 sacramenti,
1319 4083 1347 4140 at

240 4179 274 4251 in
300 4182 517 4279 sponsalibus
543 4210 681 4283 prorsus
707 4183 813 4257 deest.
836 4185 873 4255 ln
899 4181 1117 4282 sponsalibus
1144 4185 1262 4258 omnia
1278 4197 1347 4258 sunt

239 4297 454 4396 temporalia;
476 4300 669 4398 temporalis
683 4316 956 4387 esteontractus‚
979 4300 1178 4398 temporalis
1196 4297 1347 4399 obligatio
