2804 5062
144 345 214 419 tto
375 365 436 417 uu.
457 365 493 417 ιι.
514 363 601 416 srcr.
623 365 646 415 ι.
671 362 712 414 ns
730 362 856 415 rorum.
878 358 1004 419 scmus.

140 485 371 588 praebuerint,
400 501 459 561 aut
483 484 533 559 sic
558 482 833 559 contrahentibus
856 482 1022 559 ecclesiae
1046 497 1254 558 sacramenta

141 598 466 687 administraverint,
486 597 694 699 suspendant
710 596 755 672 ab
771 597 929 672 exercitio
945 597 1100 672 omnium
1122 612 1158 671 et
1175 623 1258 697 qua·

143 741 361 816 rumcumquo
386 712 618 789 facultatum.»

212 831 283 905 Sub
307 829 424 906 eodem
449 828 609 930 pontifice
627 831 685 902 23.
708 828 912 904 1ulii1tat.
934 827 1126 928 eodemque
1142 853 1259 930 appro

140 945 260 1021 banta
277 971 347 1019 sac.
368 969 525 1042 congreg.
546 942 591 1017 de
606 941 823 1045 propaganda
841 941 910 1016 fide
927 941 1152 1042 obiurgentur
1167 942 1258 1030 «Qui

140 1061 216 1136 ausi
242 1059 367 1134 suerint
394 1059 508 1134 dicere
537 1059 771 1159 disparitatem
801 1056 912 1132 cultus
938 1057 1069 1131 nullum
1101 1058 1259 1133 inducero

142 1175 419 1276 impedimentum
452 1174 656 1250 matrimonii
691 1174 726 1247 iu
758 1173 815 1248 his
839 1173 1057 1272 regionibus3
1093 1174 1259 1274 iussitque

143 1291 324 1365 transmitti
351 1289 484 1366 decreta
508 1316 538 1364 s.
555 1290 658 1366 officii
675 1290 820 1365 antehac
837 1289 945 1378 adita,
965 1289 1053 1363 inter
1069 1314 1163 1390 quae
1178 1288 1260 1363 illud

145 1405 372 1483 18.Novemb.
393 1407 501 1480 tatu.
514 1406 551 1478 in
570 1432 639 1508 quo
656 1405 829 1480 diuitum
845 1405 995 1479 Graviter
1012 1403 1256 1506 reprehendens

143 1520 207 1597 dos
224 1546 303 1597 esse
320 1520 542 1610 christianos,
562 1522 622 1621 qui
635 1537 728 1594 extra
743 1519 848 1593 ullam
861 1518 1155 1620 dispensationem
1174 1518 1255 1594 tilios

143 1662 225 1713 suos
249 1636 418 1712 collocant
440 1637 476 1709 iu
501 1637 714 1712 matrimonio
738 1662 815 1710 cum
836 1634 1040 1734 gentilibus;
1060 1634 1151 1708 nihil
1169 1635 1254 1711 omit

143 1752 281 1828 tendum
307 1778 400 1842 esse,
428 1769 467 1827 ut
490 1752 687 1850 grauitatem
712 1752 863 1826 criminis
895 1751 1108 1851 percipiant;
1129 1751 1252 1854 imposi-

143 1884 195 1945 tas
220 1895 282 1969 pro
305 1867 371 1943 hoc
395 1868 535 1943 crimina
559 1868 781 1969 poenitentias
805 1865 928 1941 debere
952 1891 1030 1941 esse
1055 1893 1196 1966 graues,
1224 1881 1251 1940 et

143 2008 211 2057 non
235 1981 344 2072 leues,
365 2007 428 2056 nac
444 2007 560 2056 eorum
577 1981 803 2083 poenitentiae
827 1997 886 2055 aut
912 1971 1173 2083 resipiscentiae
1194 1997 1252 2054 sta·

142 2098 202 2170 tim
232 2123 308 2172 essa
338 2095 527 2184 fidendum,
561 2096 607 2170 ita
636 2112 674 2170 ut
702 2095 746 2169 ad
777 2110 988 2170 sacramenta
1019 2094 1248 2181 admittantur;

142 2240 219 2291 csse
240 2231 350 2290 tamen
371 2213 597 2290 admittendos
621 2229 800 2314 postquam
825 2213 1024 2313 praemissis
1044 2214 1250 2313 praemitten-

142 2330 211 2420 dis,
225 2347 317 2406 oerta
327 2333 546 2434 apparuerint
558 2331 785 2432 poenitentiae
798 2356 838 2405 ac
851 2330 1109 2429 resipiscentiae
1124 2331 1248 2429 signa.»

216 2447 309 2522 Idem
326 2447 476 2547 pontifex
493 2446 648 2521 Clemens
664 2445 755 2519 1111.
778 2447 837 2518 12.
854 2445 988 2519 Ianuar.
1007 2448 1119 2518 1769.
1136 2447 1171 2518 in
1184 2471 1249 2520 oon·

143 2562 336 2659 gregatioue
361 2589 390 2635 s.
419 2561 543 2648 officii,
571 2559 693 2634 relecto
718 2560 835 2634 eodem
852 2559 986 2633 decreto
1008 2562 1068 2632 18.
1099 2560 1247 2635 Novemb.

146 2678 252 2747 ltro.
269 2674 417 2748 addidit:
430 2705 448 2745 n
465 2674 563 2762 Quod
576 2674 813 2749 missionarius
825 2673 1149 2773 adimpletisexaote
1161 2675 1250 2750 omni·

142 2790 231 2877 bus,
259 2816 347 2888 quae
370 2790 404 2861 in
429 2789 547 2864 eodem
572 2789 706 2864 decreto
730 2789 1025 2888 praescribuntur,
1052 2793 1249 2889 poenitentes

144 2907 186 2980 ad
209 2923 418 2980 sacramenta
438 2906 615 2980 admittere
635 2933 702 2980 non
723 2906 875 2995 disserat,
897 2907 1097 3005 praesertim
1120 2910 1150 2982 si
1170 2934 1250 3009 prae

142 3020 457 3096 videatdilationcm
468 3022 614 3096 suturam
626 3022 832 3112 diuturnam,
846 3049 922 3097 cum
935 3023 1087 3121 periculo
1100 3022 1249 3124 pereundi

145 3138 274 3238 absque
296 3139 554 3212 sacramentis.»

218 3253 312 3340 Quae
333 3252 470 3352 quidum
501 3252 622 3326 afferre
648 3255 828 3342 constitui,
858 3270 927 3327 tum
952 3271 988 3327 ut
1014 3271 1180 3354 appareat
1206 3278 1250 3326 ac·

144 3368 307 3456 closiam,
344 3394 405 3442 seu
435 3368 654 3468 apostolicam
684 3369 830 3457 sedem,
863 3395 939 3442 cum
971 3395 1058 3469 opus
1089 3370 1189 3445 fuerit
1216 3367 1249 3441 ad

144 3511 321 3559 commuue
338 3485 514 3558 christiani
533 3485 680 3559 nominis
701 3485 825 3559 bonum
843 3502 877 3559 st
892 3486 1071 3559 utilitatem
1091 3485 1184 3560 baud
1203 3485 1249 3556 de·

145 3615 286 3674 tractare
309 3601 597 3702 dispensationem
618 3601 718 3675 etiam
740 3602 784 3674 ab
801 3601 865 3674 hoc
883 3600 1127 3701 impedimento
1153 3602 1249 3699 dispa-

146 3715 254 3790 ritatis
281 3715 392 3789 cultus
417 3716 605 3814 impertiri;
634 3732 705 3789 tum
729 3733 765 3790 ut
792 3717 978 3790 innotescat
1002 3743 1072 3816 qua
1098 3715 1249 3818 sapientia

145 3857 185 3904 ac
206 3832 384 3932 prudentia
409 3831 526 3905 eadem
548 3833 647 3906 sedes
669 3832 854 3932 apostolica
879 3834 912 3905 in
939 3849 986 3907 tot
1010 3832 1248 3908 occurrentibus

147 3972 255 4020 rerum
284 3948 452 4022 adiunctis
474 3975 512 4021 se
537 3965 650 4046 gerat,
679 3949 831 4048 sciatque
855 3950 1067 4023 severitatem
1092 3975 1170 4023 cum
1194 3947 1248 4019 cle

147 4062 273 4135 mentia
299 4089 339 4136 ac
364 4063 568 4161 benignitate
591 4080 788 4162 temperare.

219 4176 423 4279 Appendicis
449 4181 557 4253 instar
581 4180 705 4254 addere
729 4181 805 4254 heic
823 4181 925 4267 iuvat,
947 4181 1039 4281 quod
1061 4207 1137 4255 cum
1160 4200 1246 4280 quae

147 4291 256 4365 stione
281 4294 325 4369 de
345 4296 566 4371 matrimoniis
589 4295 775 4371 infidelium
801 4323 903 4396 quam
931 4296 996 4372 hoc
1021 4298 1134 4399 capite
1158 4293 1246 4392 agitt·
