2804 5062
145 367 1095 424 otr.ru.nunra.nar1o.eousterneremuseaarar.
1143 349 1213 424 ais

113 515 253 588 ogerum
262 488 461 563 Benedictus
473 488 556 561 xiv.
570 489 705 565 innixus
719 489 787 564 illis
800 489 950 590 Apostoli
963 489 1076 566 verbis
1090 490 1211 567 l.Gor.

113 607 165 679 iii.
183 609 244 679 15.
260 606 390 694 «Quod
410 605 440 680 si
466 605 614 681 infidelis
639 607 802 695 discedit,
830 607 1002 695 discedat,
1030 632 1098 682 non
1123 607 1214 682 enim

113 722 252 798 eruituti
274 722 447 797 subiectus
465 737 519 795 est
538 722 657 810 lramr,
687 739 747 797 aut
770 724 922 798 sororia
943 723 1150 812 huiusmodi,
1179 725 1214 798 in

113 864 215 914 neem
237 854 351 912 autem
375 838 508 912 vocant
533 865 597 912 nos
618 839 708 913 Deus
734 841 848 935 (30).)

166 955 291 1028 Verum
312 980 389 1027 cum
414 980 455 1028 ex
474 954 547 1027 iure
572 955 735 1028 canonico
760 953 979 1028 constitutum
997 953 1063 1042 sit,
1083 968 1121 1028 ιιι
1136 969 1215 1029 ante

113 1069 356 1145 issolntionem
382 1070 607 1169 interpellatio
632 1071 692 1144 liat
716 1097 737 1144 a
762 1086 857 1172 parte
883 1069 1001 1157 fideli,
1029 1096 1111 1143 num
1135 1069 1216 1144 velit

113 1184 219 1262 oniux
248 1184 398 1259 infidelis
424 1184 467 1260 ad
493 1184 620 1259 Christi
646 1184 747 1258 fidem
773 1186 942 1272 conveni,
971 1210 1012 1259 ao
1037 1185 1111 1259 sine
1134 1211 1215 1261 con-

113 1299 235 1375 umelia
260 1298 430 1375 Creatoris
462 1325 578 1374 seeum
612 1299 824 1387 cohabitare,
853 1299 918 1374 hae
948 1298 1216 1400 interpellatione

113 1442 162 1492 on
187 1414 412 1514 interposita,
433 1416 551 1515 nequit
574 1414 686 1490 fidelis
712 1441 817 1489 noras
834 1414 921 1488 inire
939 1415 1096 1514 nuptias,
1116 1432 1216 1516 prout

114 1531 258 1632 piscopo
283 1531 467 1606 haedere
492 1531 679 1606 sciscitanti
705 1556 904 1632 responsum
929 1549 981 1606 est
1004 1557 1024 1605 a
1049 1557 1120 1606 sae.
1137 1558 1216 1607 eon·

113 1673 189 1745 reg.
218 1646 355 1722 concilii
380 1646 435 1722 die
460 1650 520 1721 23.
540 1649 612 1721 lan.
635 1673 691 1720 an.
715 1650 821 1719 1603.
846 1648 977 1720 «Sacra
1000 1648 1216 1746 congregatio

113 1763 230 1839 enauit
252 1763 300 1836 ita
319 1762 611 1863 respondendum,
632 1764 764 1836 minime
783 1789 878 1861 posse
898 1762 1085 1862 praedictor
1102 1762 1148 1838 orl
1163 1790 1215 1837 ae-

113 1906 167 1956 om
182 1880 283 1980 fidem
299 1907 466 1954 couversos
489 1883 634 1979 occipere
651 1881 738 1954 olias
755 1879 865 1978 fideles
882 1905 1017 1964 encres,
1038 1880 1107 1951 nebi
1117 1881 1216 1978 prius

113 1997 276 2071 astiterit
304 2011 416 2068 cirum
443 1999 572 2095 primae
596 1997 759 2069 voluerint
783 2021 857 2067 cum
881 1996 927 2067 eia
948 2020 1139 2094 peratoaere
1162 1995 1216 2068 uel

113 2140 168 2189 ea.
187 2113 289 2201 Quod
314 2115 345 2187 si
370 2113 540 2188 noluerint
564 2113 777 2200 cohabitare,
798 2112 851 2186 vel
878 2113 908 2186 si
928 2112 1116 2200 volueriut,
1146 2139 1214 2187 non

113 2255 207 2306 tmen
233 2230 364 2330 absque
390 2230 593 2304 contumelia
617 2229 806 2316 Creatoris,
829 2228 881 2302 vel
903 2244 942 2302 ιιι
961 2253 1142 2303 conversos
1170 2229 1216 2302 ad

113 2344 237 2421 nonde
256 2362 429 2444 peecatum
455 2344 669 2444 pertrabant,
699 2361 778 2418 tunc
798 2370 901 2443 posse
917 2344 1002 2418 alias
1020 2343 1139 2418 fideles
1157 2370 1215 2418 ac·

113 2459 209 2559 ipere
230 2484 364 2533 uxores.
385 2460 422 2532 Si
447 2458 642 2533 cohabitare
667 2457 798 2557 absque
818 2457 985 2533 Creatoris
1010 2458 1214 2534 contumelia

113 2574 216 2662 elini,
233 2588 267 2649 et
284 2574 415 2677 absque
430 2601 472 2650 eo
489 2575 579 2675 quod
601 2598 781 2649 conversos
806 2574 851 2647 ad
875 2573 1014 2649 mortale
1039 2591 1214 2676 peecatum

113 2690 317 2778 usitabant,
346 2691 504 2790 quamvis
531 2716 644 2764 veram
671 2715 854 2788 agnoscere
888 2691 989 2765 fidem
1019 2690 1212 2779 noluerint,

113 2832 162 2881 ron
189 2829 294 2905 posse
326 2829 507 2880 conversos
539 2803 624 2878 alias
651 2804 770 2880 fideles
799 2806 953 2907 accipere
980 2833 1112 2882 uxores.
1140 2809 1215 2883 Non

113 2920 256 2995 officere
280 2944 342 3007 ea,
371 2944 459 3020 quae
482 2936 735 3019 proponuntur,
760 2946 880 3021 nempe
904 2920 970 2996 looi
995 2921 1210 3008 distantiam,

167 3217 221 3282 (ιο)
238 3219 277 3267 De
287 3229 343 3281 aaa.
351 3215 446 3267 iibvl.
456 3229 479 3267 e.
488 3217 530 3267 iv.
539 3228 565 3267 n.
576 3220 600 3266 t.
612 3217 638 3266 ei
648 3216 691 3267 lib.
702 3218 769 3268 iiiii.
780 3229 834 3281 esp.
844 3219 909 3269 iiiii.
920 3219 1000 3282 Atque
1012 3217 1054 3270 hic
1064 3217 1217 3268 animadver·

113 3310 145 3351 aa
159 3298 255 3350 iuverit
266 3301 317 3349 ires
330 3309 401 3348 casus
413 3308 466 3347 esse
479 3297 506 3346 in
519 3297 573 3347 inre
585 3309 726 3361 exarmans,
740 3297 868 3362 inquibus
881 3298 1066 3348 matrimonium
1082 3296 1219 3349 infidelium

113 3378 260 3441 inuititur,
277 3378 354 3429 aliero
368 3377 500 3440 coniugum
510 3375 541 3427 ad
554 3376 628 3428 iidem
639 3377 798 3429 christianam
811 3380 952 3430 transeunte
963 3379 1057 3443 primus
1067 3380 1118 3439 esi,
1129 3377 1152 3429 si
1163 3377 1217 3429 inti·

113 3456 157 3510 elis
172 3459 262 3508 renuat
278 3455 389 3507 babitare
407 3470 463 3508 cum
479 3455 546 3507 fideli
563 3471 696 3520 converso,
713 3457 821 3521 velitque
836 3457 960 3509 discedere
975 3458 1090 3522 (excepta
1100 3472 1158 3509 casu
1169 3472 1220 3523 quo

113 3537 151 3589 aia
167 3539 257 3588 utatur
274 3536 329 3587 iure
344 3539 403 3597 suo,
422 3547 510 3600 nempe
527 3551 584 3587 cunr
595 3535 674 3588 fldsiis
686 3538 742 3587 anie
752 3539 860 3600 suipesi
870 3536 1054 3588 conversionem
1068 3535 1219 3588 adulterium

113 3616 338 3679 annuentium
356 3617 452 3680 pdrnus
468 3630 539 3668 ossus
557 3617 660 3668 habetur
676 3630 730 3680 cap.
740 3617 826 3668 Simili
845 3616 937 3679 medea
954 3619 1216 3682 septinarium.

113 3711 150 3764 ap.
164 3699 271 3756 Quanto
285 3699 309 3746 ei
323 3710 377 3760 cap.
395 3696 553 3748 desidamus.
565 3699 604 3747 De
620 3697 751 3748 divortiis.
761 3723 769 3735 ·
780 3698 906 3748 Secundus
924 3711 996 3748 casos
1012 3699 1063 3761 est,
1076 3697 1098 3748 si
1113 3696 1221 3771 infideils

113 3776 158 3827 aiii
177 3774 323 3825 cohabiiare
343 3775 396 3824 sine
416 3775 565 3825 contumelia
583 3773 896 3836 creaioiis,uticumnon
910 3776 981 3827 audit
995 3775 1151 3827 nomenoius
1165 3775 1219 3826 sine

113 3858 213 3922 aspectu
220 3891 229 3917 ,
242 3854 296 3905 eius
306 3853 392 3905 laudes
402 3854 533 3918 prohibet,
546 3854 694 3906 domesticos
706 3855 738 3906 ad
748 3856 909 3907 deiectionem
925 3857 1054 3920 berintum
1066 3856 1220 3920 habeturque

112 3951 121 3986 1
134 3937 244 3999 eit.eap.
253 3934 339 3984 Simili
351 3935 443 3996 mod05
454 3948 508 3999 cap.
524 3938 643 3998 οιιαηιος
656 3949 711 4000 cap.
726 3936 876 3988 (laudemus
885 3938 973 4001 eieap.
982 3936 1112 3999 ireddeiis.
1122 3937 1220 3988 Tertius

113 4021 147 4082 ti,
157 4018 181 4068 si
192 4016 321 4082 pertrabat
331 4016 361 4066 ad
373 4018 500 4080 peccatam
510 4017 626 4080 rnoriaie,
636 4020 710 4080 prout
725 4019 816 4082 pariter
829 4018 933 4069 habetur
943 4019 969 4069 in
978 4017 1021 4069 cii.
1033 4027 1088 4083 eap'.
1101 4018 1219 4080 econio,-

113 4112 153 4163 ιι).
165 4096 335 4157 Genumana·
345 4110 399 4161 eap.
414 4099 517 4147 liceret
526 4111 580 4160 cap.
592 4097 753 4149 idololotria
761 4112 806 4149 nec
819 4112 868 4149 non
880 4112 933 4162 cap.
945 4100 1004 4150 lion
1016 4098 1102 4150 solum
1111 4106 1149 4150 ιιι.
1160 4113 1185 4163 q.
1196 4105 1220 4149 1.

113 4181 163 4229 iaec
180 4177 356 4240 distinguenda
372 4179 454 4240 erant,
474 4176 533 4240 quia
550 4191 647 4228 neeesse
665 4178 732 4228 band
744 4182 782 4230 esi
794 4179 825 4229 ad
838 4179 1024 4231 dissolutionem
1041 4180 1125 4231 omnia
1145 4178 1220 4231 simui

113 4259 265 4321 uacuum,
282 4256 326 4307 sed
338 4257 397 4307 satis
408 4259 446 4308 est
456 4260 483 4308 ui
494 4271 571 4309 unurn
583 4258 718 4311 alterumve
728 4273 758 4312 ex
772 4260 811 4312 itis
827 4259 972 4324 singiliatim
983 4261 1104 4314 coeunti
1110 4259 1150 4314 oi.
1156 4262 1220 4312 Pou-

113 4340 162 4392 ium
171 4338 218 4392 lib.
229 4339 286 4388 vii.
298 4350 353 4402 cap.
365 4340 405 4388 iii.
415 4350 440 4388 n.
455 4344 492 4391 io.
