2804 5062
110 379 1059 444 mamusnara.amasurunssvrucuncassiana.
1107 371 1172 445 22l

134 505 283 592 Quarto:
309 505 443 580 Certum
466 520 535 594 est,
555 522 593 580 ut
609 523 725 607 postea
747 507 955 597 ridebimus,
975 509 1178 586 lleolaratio·

67 648 132 696 nem
151 621 325 696 Benedicti
341 621 426 693 XlV.
443 647 513 722 qua
532 620 646 696 valida
664 624 876 698 matrimonia
892 623 964 698 sive
986 624 1073 698 inter
1094 626 1174 699 hae-

66 739 182 813 reticos
201 737 431 827 adinvicem,
452 739 524 813 sire
548 738 652 812 mixta
676 738 712 812 in
738 738 917 814 Hollandia
932 739 1098 815 celebrata
1119 756 1178 815 aut

65 853 287 941 celebrantur,
309 852 505 942 edicuntur,
526 869 697 928 extensam
714 880 791 929 esse
815 854 860 929 ad
884 854 998 954 plures
1022 855 1176 954 regiones

64 971 91 1043 in
119 969 250 1070 quibus
276 968 438 1043 haeretici
456 968 689 1059 dominantur,
708 986 746 1045 ut
762 970 925 1071 deinceps
948 969 1099 1069 legitima
1115 996 1177 1045 seu

63 1084 172 1159 salida
199 1083 260 1159 illa
276 1084 501 1175 haberentur,
523 1085 623 1159 etiam
641 1086 879 1186 praetermissa
900 1085 1035 1161 concilii
1053 1085 1178 1161 triden-

61 1201 114 1274 tini
134 1199 266 1288 lorma,
285 1198 440 1300 φιιιιιιιίι
465 1199 540 1273 eius
565 1199 734 1274 decretum
757 1200 857 1275 luerit
881 1200 928 1274 ibi
954 1200 1173 1302 publicatum.

60 1315 161 1415 drgo,
183 1315 352 1404 inserunt,
372 1316 448 1391 sine
473 1313 532 1390 tali
549 1317 800 1404 Declaratione‚
821 1316 914 1391 nulla
931 1317 1057 1406 lorent,
1078 1333 1179 1418 prout

59 1433 155 1506 etiam
172 1456 336 1531 expresse
353 1432 490 1532 saepius
508 1457 529 1505 a
545 1432 652 1506 sacris
664 1432 993 1531 congregationibus,
1009 1448 1042 1509 et
1053 1458 1075 1506 a
1088 1459 1172 1507 roms

59 1546 274 1648 pontificibus
298 1545 505 1620 declaratum
531 1563 600 1636 est;
633 1564 681 1622 tot
705 1547 808 1646 igitur
831 1547 997 1623 habentur
1020 1548 1177 1624 inelucta-

58 1661 142 1737 biles
168 1659 387 1761 probationes
411 1660 455 1735 de
480 1660 633 1736 nullitate
657 1661 824 1736 eiusmodi
841 1662 1073 1762 coniugiorum
1094 1677 1176 1763 quot

59 1793 134 1852 sunt
159 1777 316 1875 regiones
341 1776 385 1850 ad
409 1803 496 1877 quas
514 1776 728 1852 benedictina
743 1777 930 1853 Declaratio
947 1795 1084 1853 extensa
1100 1791 1170 1868 est;

59 1891 209 1993 alioquin
228 1918 368 1992 prorsus
385 1891 515 1967 inutilis
533 1893 700 1967 eiusmodi
717 1894 867 1968 extensio
890 1893 985 1968 leret.
1007 1893 1175 1982 Quorsum

60 2009 146 2081 enim
174 2006 436 2081 declarationem
461 2004 554 2080 illam
580 2007 777 2096 exundare,
806 2006 837 2082 si
861 2006 974 2084 valida
998 2007 1065 2082 iam
1089 2005 1176 2081 eele-

58 2123 198 2198 brantur
222 2121 292 2197 illis
317 2123 353 2195 in
379 2122 573 2222 regionibus
599 2123 792 2198 connubia?

124 2238 250 2326 Quinto
269 2238 438 2328 subdunt;
460 2238 519 2313 illa
539 2239 639 2313 unice
654 2266 734 2314 uera
751 2237 917 2314 sententia
939 2238 1109 2314 censenda
1125 2251 1177 2314 esl

57 2381 156 2454 quam
183 2355 365 2430 theoretice
389 2381 429 2429 ae
453 2355 600 2457 practice
625 2354 768 2429 ecclesia
794 2381 932 2430 romana
957 2380 1018 2430 seu
1043 2367 1176 2454 aposto·

56 2468 116 2544 lica
133 2469 236 2544 sedes
255 2468 413 2567 iugitera
430 2468 654 2543 celebratione
679 2469 813 2545 concilii
837 2469 1008 2544 tridentini
1026 2467 1070 2542 ad
1086 2467 1176 2541 banc

57 2609 161 2685 nsque
186 2584 278 2657 diem
304 2599 495 2658 consectata
519 2598 591 2671 est;
612 2583 689 2658 talis
713 2610 791 2658 vero
815 2600 867 2659 est
887 2584 1049 2658 ecclesiae
1067 2608 1177 2658 roma-

60 2724 117 2772 nae
142 2698 299 2773 doctrina
323 2714 357 2772 et
380 2698 515 2799 praxis,
531 2714 569 2772 ut
592 2697 686 2772 nulla
709 2714 901 2773 constanter
925 2698 1080 2771 habuerit
1104 2697 1177 2771 sive
1301 2784 1302 2787 Ἴ

60 2814 321 2890 acatholicorum
338 2814 498 2912 coniugia
515 2813 602 2888 inter
619 2841 677 2902 se,
698 2814 770 2889 sive
788 2815 944 2912 coniugia
961 2814 1077 2901 mixta,
1088 2838 1177 2913 quae

63 2929 137 3004 inita
163 2930 289 3004 luerint
313 2946 371 3003 aut
404 2930 561 3003 ineantur
585 2928 653 3004 illis
679 2929 716 3002 in
741 2928 826 3004 locis
851 2928 885 3001 in
911 2927 1036 3030 quibus
1061 2927 1177 3002 decm-

66 3059 125 3119 tnm
143 3044 367 3120 tridentinum
385 3038 652 3145 publicatum'ac
669 3061 839 3145 receptum
856 3060 927 3134 est,
949 3045 1015 3119 nisi
1033 3045 1176 3120 interve-

66 3161 141 3236 nerit
157 3175 219 3235 aut
235 3159 437 3234 interveniat
452 3158 615 3234 ecclesiae
627 3159 849 3259 dispensatio.
866 3160 972 3260 ldque
984 3159 1093 3234 sensit
1109 3183 1176 3232 sar·

68 3278 217 3378 uritque
233 3275 328 3349 nulla
345 3277 473 3350 ratione
498 3275 614 3351 habita
638 3277 842 3352 conditionis
859 3279 894 3351 in
911 3302 981 3376 qua
996 3273 1173 3350 acatholici

69 3387 288 3478 inveniantur,
305 3415 426 3491 nempe
439 3390 511 3465 sive
525 3415 601 3464 cum
619 3390 793 3466 catholicis
811 3391 979 3465 commixti
998 3389 1083 3477 sint,
1104 3388 1176 3463 siue

71 3504 248 3602 peculiares
273 3504 520 3606 distinctosqus
545 3523 660 3581 coetus
685 3506 907 3593 constituant;
928 3506 1007 3579 item
1024 3519 1093 3578 tum
1111 3501 1176 3578 sub

69 3620 269 3723 principibus
300 3619 495 3710 catholicis,
528 3637 598 3696 tum
629 3620 693 3696 snb
723 3621 933 3721 principibus
962 3618 1171 3695 acatholicis.

127 3735 242 3823 Quum
258 3760 338 3809 vero
356 3735 433 3809 heic
450 3751 570 3834 agatur
585 3735 628 3809 de
646 3736 733 3810 lacto
750 3736 971 3824 adstruendo,
987 3734 1078 3836 quod
1095 3759 1176 3807 non-

66 3848 120 3925 nisi
151 3850 367 3926 documentis
397 3867 550 3926 constare
579 3866 714 3951 potest,
739 3878 776 3926 se
800 3866 934 3925 vertunt
957 3850 1001 3924 ad
1027 3876 1068 3924 ea
1095 3872 1176 3922 con·

63 3965 225 4060 gerenda,
252 3991 359 4066 eaque
390 3981 549 4067 promunt
573 3992 614 4039 ex
646 3964 959 4051 constitutionibus,
995 3961 1172 4052 brevibus,

61 4078 221 4171 decretis,
242 4081 416 4182 responsis
441 4108 530 4182 quae
547 4082 628 4156 data
645 4098 726 4156 sunt
741 4080 935 4155 immediate
951 4107 972 4154 a
989 4106 1073 4154 rom.
1094 4106 1176 4180 pou·

60 4193 225 4283 tilicibus,
245 4221 308 4270 nee
325 4220 390 4271 non
408 4222 449 4271 ex
466 4195 660 4295 rescriptis,
683 4194 979 4283 instructionibus,
999 4192 1174 4294 responsis

58 4337 142 4412 quae
159 4328 402 4390 emanaverunt
413 4339 434 4388 a
446 4313 554 4389 sacris
572 4311 720 4388 romanis
738 4309 1071 4410 congregationibus,
1086 4332 1176 4408 quas
