2804 5062
195 367 1136 424 cernuntur.cornuumaueniensutrem.r.
1180 347 1248 420 tet

144 488 322 565 ecclesiam
345 504 379 563 et
401 502 542 574 statum,
576 503 677 586 atque
701 513 831 586 pagana
860 485 918 560 illa
941 487 1143 573 etatolatria,
1174 488 1250 562 reli-

145 603 260 701 gionis
284 602 394 676 omnis
420 627 460 674 ac
484 600 654 676 societatis
679 601 826 675 inimica.

220 717 303 792 Cum
327 716 430 814 igitur
463 714 608 813 theologi
634 714 682 787 illi
708 715 751 790 de
779 715 903 816 quibus
933 733 985 791 est
1017 742 1127 791 sermo
1159 717 1249 792 baud

144 831 372 935 praeviderint
395 831 560 906 eiusmodi
583 832 808 919 consectaria,
828 857 915 931 quae
932 833 1139 931 exipsorum
1157 833 1250 932 prin-

144 949 238 1050 cipio
260 948 304 1021 de
328 962 490 1046 potestate
513 946 650 1046 propria
675 946 884 1047 principum,
906 973 967 1021 seu
989 946 1098 1046 potius
1124 945 1249 1045 princi-

144 1080 267 1165 patus,
290 1060 546 1136 constabiliendi
571 1061 830 1162 impedimenta,
850 1088 939 1162 quae
955 1062 1086 1135 irritum
1103 1060 1251 1135 efficiant

145 1203 286 1254 snorum
302 1175 516 1251 subditorum
524 1176 729 1273 coniugium,
744 1175 879 1264 deduci,
893 1191 1041 1276 possent,
1052 1174 1100 1251 nil
1112 1177 1247 1262 mirum,

144 1290 323 1365 siluerint
347 1288 439 1362 illam
464 1290 661 1363 sententiam
685 1289 843 1389 amplexi.
863 1290 925 1364 Ast
939 1316 1016 1363 cum
1040 1306 1171 1389 tempus
1192 1312 1251 1389 pe-

144 1405 306 1480 detentim
323 1403 481 1478 evolverit
494 1404 652 1479 exitiosas
669 1406 937 1493 consecutiones,
951 1432 1039 1505 quae
1055 1432 1095 1480 eo
1108 1400 1144 1478 in
1157 1406 1252 1480 theo-

144 1535 272 1595 remate
286 1518 556 1607 includebantur,
573 1519 640 1593 iam
651 1546 714 1595 nos
725 1520 904 1597 debuimus
922 1522 1056 1596 tandem
1068 1520 1252 1621 aliquando

146 1636 261 1735 ipsum
276 1633 446 1708 theorema
470 1658 510 1707 ac
535 1633 737 1735 principium
764 1651 922 1709 evertere.

221 1748 264 1823 At
287 1764 384 1846 urget
405 1749 446 1819 D.
476 1748 626 1823 Carribre
653 1749 744 1823 sedis
775 1749 976 1849 apostolicae
1001 1751 1248 1836 auctoritatem,

147 1890 240 1968 quae
255 1862 436 1938 declararit
452 1862 545 1938 nulla
561 1889 638 1938 esse
658 1864 845 1938 infidelium
870 1866 1040 1963 coniugia,
1060 1891 1147 1965 quae
1168 1865 1252 1939 inita

145 1980 272 2055 inerint
311 1994 426 2054 contra
452 1978 641 2078 principum
667 1978 854 2053 infidelium
883 1981 975 2077 leges
1000 1980 1251 2054 matrimonium

146 2095 333 2169 irritantes.
360 2094 416 2166 Sic
446 2093 536 2167 enim
568 2093 685 2168 scribit
713 2095 769 2168 bic
794 2112 930 2169 auctor:
963 2096 1141 2168 «Domum
1170 2095 1252 2170 huic

145 2210 334 2287 renuntias
352 2213 571 2310 (potematem
587 2210 746 2309 coniugia
760 2210 948 2288 infidelium
965 2208 1146 2284 dirimendi
1164 2210 1253 2309 prin·

144 2322 281 2422 cipibus
301 2322 459 2399 tribuenti
474 2327 487 2419 )
503 2321 655 2397 adiceret
672 2326 708 2396 ia
720 2327 827 2423 proci
840 2351 869 2397 e,
884 2323 992 2408 reda,
1008 2324 1119 2423 iuquit
1130 2324 1174 2396 Ι).
1189 2324 1253 2398 rt-

142 2438 285 2512 roclteaa
313 2437 449 2533 (Theol.
472 2436 638 2512 eud—usum
662 2439 817 2513 mission.
843 2438 1080 2513 Sat-obuensis
1104 2454 1183 2512 tom.
1214 2441 1249 2512 Ξ.

144 2579 226 2654 pag.
248 2553 372 2646 dib),
403 2577 484 2651 quae
511 2551 690 2625 declaravit
713 2552 865 2626 invalida
888 2579 954 2626 esre
979 2551 1159 2651 infidelium
1182 2579 1253 2627 ma·

145 2669 314 2751 trimonia,
330 2692 412 2765 qaae
427 2666 551 2764 lapibus
559 2669 690 2764 patriae
702 2669 909 2741 irritantibus
929 2667 1161 2752 Moneantur,
1187 2669 1255 2743 etei

141 2808 207 2882 per
228 2781 487 2855 mneaetadinem
506 2782 680 2880 abrepatae
703 2784 825 2882 fuerim
844 2785 925 2857 istae
951 2784 1034 2881 teqa
1062 2785 1178 2879 (48).»

220 2895 305 2971 Cum
334 2922 414 2971 vero
438 2897 573 2971 nonnisi
598 2913 747 2998 partem,
775 2898 954 2998 quaesibi
983 2897 1116 2972 larebat
1140 2925 1180 2972 ex
1205 2898 1254 2973 al·

143 3013 257 3108 legato
291 3027 426 3091 auctore
449 3011 598 3085 Carriere
630 3012 820 3111 protulerit,
856 3039 919 3087 nos
949 3013 1088 3087 alteram
1124 3028 1255 3112 partem

146 3126 369 3215 adiiciamus,
394 3152 483 3227 quae
505 3143 653 3227 systema
679 3152 779 3200 sunm
805 3143 902 3201 antea
922 3143 1166 3227 propugnatum
1195 3154 1254 3227 pe-

146 3243 250 3316 nitus,
267 3243 405 3330 evertit,
426 3243 591 3341 integrum
610 3257 736 3315 textum
758 3242 966 3317 exhibendo:
988 3242 1159 3341 sicigitur
1175 3243 1255 3318 scri·

144 3358 200 3431 bit
224 3357 267 3429 ll.
287 3357 480 3432 Perocbeau
503 3358 567 3431 loc.
589 3357 646 3432 cit.
672 3357 879 3457 «Principes
901 3357 1091 3433 saeculares
1114 3374 1255 3457 possunt

145 3472 350 3547 constituere
375 3473 615 3572 impedimenta
642 3470 807 3548 irritantis
829 3475 964 3547 relative
988 3473 1033 3547 cd
1049 3474 1184 3572 assectae
1207 3474 1255 3548 ci-

144 3587 231 3660 viles
254 3601 393 3672 metum,
420 3589 452 3659 ei
475 3601 595 3686 aqatar
619 3587 657 3659 de
684 3588 889 3660 matrimonio
914 3587 1076 3686 fidelium,
1098 3603 1132 3661 et
1154 3586 1255 3682 etiam

146 3700 286 3775 relative
303 3701 345 3774 ad
365 3701 571 3775 validitatem
592 3702 813 3789 matrimonii,
835 3702 864 3775 si
884 3717 1002 3798 agatur
1021 3702 1064 3776 de
1085 3702 1256 3775 matrimo-

148 3815 433 3903 nio'iniidelium;
463 3815 657 3890 huic-enim
683 3816 867 3890 sententiae
892 3815 1052 3890 adhaeret
1075 3842 1104 3889 s.
1135 3815 1253 3903 sedes,

144 3956 237 4031 quae
262 3929 431 4005 multoties
455 3929 639 4004 declaravit
656 3930 770 4004 valida
794 3956 860 4004 esec
879 3930 1025 4030 fideliam
1049 3931 1256 4003 matrimonia

144 4057 261 4117 contra
274 4043 357 4142 lepor
369 4047 499 4142 patriae
511 4046 611 4129 inita,
626 4045 726 4119 modo
743 4061 894 4120 serratas
911 4045 1034 4118 luerint
1046 4045 1137 4142 leges
1151 4044 1256 4119 eccle-

146 4157 310 4234 siasticae
334 4175 368 4233 et
391 4158 543 4248 diuinae,
566 4160 719 4261 quamvis
749 4159 808 4235 illa
838 4160 1049 4235 matrimonia
1077 4175 1111 4234 et
1138 4159 1255 4236 illicita

222 4303 273 4370 (te)
288 4308 317 4358 ln
331 4306 483 4372 mamerto
496 4307 577 4372 operte
591 4310 629 4360 De
644 4311 824 4374 mamerto,
838 4309 878 4360 ed.
890 4316 913 4361 2.
925 4321 951 4360 n.
962 4315 1017 4361 tat.
1027 4315 1148 4401 mtto.
1186 4389 1208 4435 ᾖ
