2804 5062
137 340 627 418 clarorumelariorum
642 363 954 415 sinemurensem.
971 366 1042 416 aar.
1056 367 1079 416 1.
1134 342 1204 418 8⁰³

125 509 214 584 ampo
238 481 357 557 eodem
383 480 482 555 modo
509 479 603 554 fieret
628 480 760 554 firmum
779 507 819 555 ac
836 481 1073 558 indissolubile
1090 486 1206 560 conio-

125 626 183 673 um
208 596 397 672 infidelium
424 623 489 696 per.
505 595 744 695 baptismum,
777 597 1060 697 quemadmodum
1091 598 1207 673 matri·

125 714 242 789 ouium
268 728 377 785 ratum
404 710 554 784 fidelium
581 711 818 785 indissolubile
843 714 980 788 omniuo
998 713 1035 787 fit
1051 740 1112 815 per
1126 738 1207 790 con·

125 827 369 915 mmationem,
397 826 601 926 respondent
625 827 800 926 paritatem
823 828 992 927 negando:
1020 829 1096 904 ideo
1116 825 1207 904 enim
1252 893 1254 896 ,
1306 848 1339 862 “

125 971 150 1018 tr
175 942 332 1016 maritale
357 943 562 1015 consortium
589 957 696 1014 ratum
722 943 871 1016 fidelium
897 945 1091 1042 coniugium
1112 945 1209 1020 abso-

126 1073 159 1132 te
186 1057 225 1131 fit
251 1056 516 1142 indissolubile,
549 1057 630 1157 quia
660 1083 720 1156 per
744 1057 913 1131 carnalem
946 1059 1104 1132 unionem
1135 1083 1210 1159 per·
1337 1116 1342 1132 i

125 1173 213 1248 otius
229 1171 372 1245 refertur
387 1172 580 1247 coniunctio
592 1173 689 1246 Verbi
708 1200 783 1247 cum
802 1174 950 1263 bumana
968 1191 1098 1263 natura,
1120 1200 1209 1276 quae

125 1305 256 1390 erpetua
281 1305 333 1362 est
357 1314 396 1362 ac
412 1289 622 1378 insolubilis;
644 1307 760 1365 contra
776 1317 855 1366 vero
877 1290 1064 1365 infidelium
1082 1318 1208 1366 cenna·

125 1431 186 1479 um
212 1404 251 1476 fit
276 1403 513 1478 indissolubile
536 1406 570 1479 vi
596 1406 815 1493 sacramenti,
843 1406 935 1505 quod
959 1432 1001 1479 ex
1026 1407 1126 1481 dictis
1148 1433 1209 1507 per

125 1519 302 1622 tptismum
327 1518 430 1592 veluti
448 1546 508 1620 per
525 1520 751 1595 conditionem
768 1520 951 1622 quamdam
967 1521 1114 1619 exurgit,
1135 1522 1208 1598 sive

125 1650 260 1711 uteuus
285 1660 471 1709 consensus
497 1651 595 1709 autea
621 1635 720 1710 datus
745 1653 779 1710 et
803 1653 993 1711 contractus
1024 1636 1104 1711 iude
1129 1663 1207 1738 pro·

125 1749 234 1825 miens
259 1750 433 1825 moraliter
457 1767 664 1851 perseverat,
693 1752 765 1826 sive
790 1767 957 1853 quatenus
982 1778 1089 1826 novus
1115 1778 1209 1852 prae

125 1881 191 1940 atur
207 1890 412 1953 consensus,
430 1865 702 1967 instauraturque
715 1883 904 1941 transactus
918 1881 1107 1942 contractus
1120 1893 1208 1944 nora

125 2007 202 2056 rma
226 2006 321 2054 more
345 1979 543 2055 christiano.

166 2096 279 2196 Atque
304 2095 369 2170 hoc
393 2095 494 2170 modo
518 2096 661 2170 disiecta
685 2111 737 2170 est
761 2095 865 2169 altera
882 2095 1025 2170 obiectio
1042 2097 1147 2196 petitu
1168 2123 1209 2172 ex

125 2236 137 2287 t
159 2211 252 2312 quod
277 2226 355 2310 post
379 2211 630 2286 conversionem
648 2209 721 2285 sola
738 2210 902 2285 habeatur
918 2211 1129 2301 ratihabiti03
1146 2229 1211 2290 >est

125 2327 186 2400 nim
213 2341 246 2399 et
271 2325 484 2414 ratihabitio,
512 2344 547 2401 et
575 2352 684 2402 novus
713 2352 898 2401 consensus
924 2342 957 2401 et
985 2343 1204 2418 contractas,

125 2442 351 2543 tiexpositum
370 2458 432 2516 est.
460 2442 557 2529 Quod
573 2469 652 2517 vero
670 2442 806 2516 additur
823 2441 866 2515 de
883 2442 1095 2516 matrimonio
1112 2442 1208 2518 irrito

125 2555 436 2657 bimpedimentum
453 2558 615 2634 dirimens
635 2559 721 2633 iuris
743 2557 907 2632 naturalis
929 2584 1046 2658 presse
1067 2558 1207 2659 sumpti,

125 2699 220 2776 rqno
237 2673 381 2749 ecclesia
399 2675 600 2775 dispensare
622 2675 754 2775 nequit,
778 2675 922 2749 ecelesia
940 2675 1016 2776 ipsa
1032 2691 1224 2776 antequam.

125 2789 150 2864 is
173 2788 325 2864 conterat
347 2788 517 2888 baptisma
542 2805 675 2888 putatos
702 2791 862 2888 coniuges
881 2789 925 2863 ab
946 2790 1089 2864 invicem
1114 2816 1210 2891 sepa·

125 2917 168 2992 et3
189 2903 220 2977 si
239 2919 351 2976 autem
370 2903 647 3003 impedimentum
666 2920 775 2978 ortum
790 2904 834 2978 sit
850 2930 891 2978 ex
908 2904 981 2978 iure
998 2904 1141 2979 naturali
1159 2931 1213 2980 se-

125 3021 280 3109 andario,
303 3020 445 3095 ecclesia
470 3020 535 3094 boc
561 3021 636 3120 ipso
661 3022 752 3121 quod
777 3021 855 3096 illos
880 3023 1040 3120 coniuges
1066 3047 1131 3097 non
1157 3048 1211 3098 se-

125 3151 197 3210 arat
226 3137 261 3207 in
291 3135 408 3208 eadem
434 3134 612 3208 collatione
640 3135 800 3235 baptismi
823 3135 948 3211 abhoc
973 3135 1211 3236 impedimento

126 3250 296 3352 ispensat,
316 3277 499 3351 verumque
523 3266 700 3352 propterea
724 3250 899 3325 conficitur
924 3267 1183 3325 sacramentum.

171 3367 281 3465 llagis
306 3393 385 3441 vero
409 3367 564 3467 speciosa
587 3383 622 3441 et
646 3392 813 3467 apparens
838 3383 891 3441 est
907 3391 1010 3467 mam
1028 3365 1138 3440 solida
1154 3365 1216 3440 dil·

125 3481 254 3569 cultas,
283 3508 371 3581 quae
396 3481 520 3580 petitur
536 3507 577 3554 ex
593 3480 750 3583 hypotesi
768 3480 910 3556 duorum
927 3479 1133 3570 infidelium,
1154 3481 1213 3581 qui

125 3613 189 3672 tter
213 3623 252 3671 se
277 3595 389 3670 dissiti
415 3597 450 3669 iu
476 3595 668 3695 regionibus
685 3596 882 3697 longinquis
900 3596 945 3670 ad
962 3596 1063 3669 iidem
1080 3621 1216 3671 conuer-

125 3729 235 3800 mtur,
264 3711 498 3812 recipiuntque
521 3712 702 3812 baptisma.
732 3712 863 3786 Etenim
882 3712 981 3787 ambo
999 3712 1034 3785 in
1054 3710 1216 3811 baptismi

125 3827 319 3927 oscoptiono
343 3825 568 3926 pmfitentur,
597 3826 715 3901 saltem
740 3826 920 3929 implicito,
949 3853 987 3902 se
1016 3826 1102 3901 velle
1126 3825 1217 3900 cbri-

125 3943 215 4018 tiano
239 3967 331 4016 more
349 3942 384 4013 in
402 3942 614 4016 matrimonio
646 3941 749 4017 semel
775 3944 858 4018 mito
882 3967 1097 4043 perseverare
1125 3943 1217 4016 iuxta

125 4057 311 4133 bristianae
328 4056 500 4155 religionis
516 4057 624 4155 leges,
645 4057 798 4159 adeoque
816 4058 1030 4133 consentiunt
1045 4057 1157 4131 denuo
1180 4056 1216 4128 in

125 4189 257 4251 ntoaoto
282 4188 482 4261 coutmctu3
516 4174 607 4274 quod
627 4175 723 4249 ,satis
748 4192 800 4249 est
829 4175 864 4247 in
890 4174 954 4249 bac
979 4178 1145 4251 sententia
1170 4173 1214 4246 ad

125 4292 304 4366 menti
330 4304 483 4363 naturam
509 4288 725 4363 induendam.
808 4366 814 4383 ,
