2804 5062
144 364 213 436 tot
316 423 318 429 .
385 386 447 437 nm.
468 385 503 437 ιι.
524 383 613 436 sacr.
632 384 656 434 ι.
677 384 718 435 ns
734 383 860 435 nonsss.
882 382 1009 436 nocuas.

142 507 264 580 hentur
278 515 299 594 ,’
312 505 444 580 etiamsi
462 505 569 580 lorma
590 529 611 577 a
630 503 812 578 tridentino
830 505 1038 604 praescripta
1059 527 1130 578 uon
1155 504 1251 580 fuerit

112 685 116 693 .
142 622 178 695 in
203 622 247 697 iis
272 620 483 696 celebrandis
500 635 649 706 servata,
678 618 861 692 dommodo
884 617 976 692 aliud
998 643 1067 693 non
1090 618 1254 695 obstiterit

142 739 333 810 mosomum
357 735 620 835 impedimentum
644 735 714 831 (8),
742 732 951 832 prevalidis
976 733 1139 808 habenda
1164 761 1254 823 esse,

77 923 78 927 ,
142 853 295 953 adeoque
318 852 348 925 si
373 850 562 949 contingat,
590 864 770 950 utrumque
797 850 974 948 coniugem
1001 850 1045 923 ad
1071 851 1257 926 catholicae

143 967 306 1041 ecclesiae
323 967 434 1040 sinum
452 992 491 1039 se
511 965 680 1065 recipere,
700 964 837 1051 eodem,
858 991 925 1065 quo
943 981 1062 1054 antea,
1088 965 1256 1064 coniugali

141 1082 278 1158 vinculo
305 1082 397 1181 ipsos
428 1081 565 1155 omnino
591 1080 717 1168 teneri,
745 1081 877 1155 etiamsi
905 1096 1042 1156 mutuus
1071 1107 1257 1156 consensus

144 1225 256 1273 coram
280 1196 428 1299 parocho
458 1197 623 1272 catholico
652 1197 695 1270 ab
724 1197 775 1271 eis
801 1224 868 1271 non
893 1212 1095 1286 renovetur;
1127 1199 1183 1273 sin
1209 1224 1257 1272 au·

144 1327 211 1386 tem
231 1339 320 1386 unus
338 1328 467 1386 tentum
485 1339 525 1386 ex
542 1311 763 1409 coniugibus,
793 1313 866 1386 sive
883 1312 1081 1401 masculus,
1103 1310 1180 1387 sive
1197 1314 1255 1386 loe

144 1427 260 1516 mina,
288 1443 518 1514 convertatur,
543 1443 698 1499 neutrum
717 1452 836 1525 posse,
853 1425 1017 1527 quamdiu
1030 1426 1118 1501 alter
1144 1452 1255 1528 supcr-

145 1555 213 1616 stes
233 1542 316 1630 erit,
345 1541 388 1614 ad
414 1540 499 1615 alias
517 1541 653 1640 nuptias
672 1541 818 1614 transire
837 1543 939 1638 (9).)

216 1656 343 1731 Eadem
361 1683 460 1756 porro
477 1655 664 1729 Declaratio
690 1673 792 1757 atque
808 1657 982 1731 concessio
1006 1657 1051 1730 ad
1076 1656 1195 1757 plures
1212 1681 1255 1730 re·

147 1773 266 1871 giones
296 1774 481 1874 apostolica
511 1774 708 1848 auctoritate
738 1788 875 1848 extense
904 1775 987 1862 luit;
1023 1773 1182 1874 adeoque
1205 1771 1254 1847 ubi

145 1903 277 1964 constet
300 1888 353 1964 vel
372 1888 590 1962 tridentinum
614 1888 785 1989 decretum
812 1914 878 1962 non
905 1889 1013 1962 luisse
1028 1888 1253 1989 publicatum,

143 2004 197 2078 tel
210 2004 333 2079 deinde
349 2005 599 2079 benedictinam
611 2004 878 2079 Declarationem
890 2011 924 2079 et
940 2004 1196 2080 concessionem
1209 2004 1256 2078 da

144 2135 213 2193 tam
232 2121 357 2209 luisse,
379 2121 426 2195 ibi
444 2136 533 2194 certe
556 2120 800 2195 haereticorum
827 2119 1020 2209 connubia,
1046 2121 1125 2195 sine
1147 2119 1254 2194 catho-

144 2233 201 2308 lici
226 2236 364 2336 parochi
387 2235 579 2335 praesentia
596 2234 784 2323 celebrata,
811 2235 925 2311 valida
948 2236 1079 2309 censeri
1099 2235 1234 2309 debent.

218 2350 378 2436 Quaestio
403 2368 456 2427 est
472 2351 635 2426 historica
652 2367 685 2425 et
710 2354 858 2452 practica
880 2351 1020 2425 ubinam
1041 2351 1254 2425 tridentinum

144 2464 315 2540 decretum
333 2468 433 2541 luerit
458 2494 519 2543 nec
544 2495 587 2541 ne
611 2467 840 2569 publicatum,
868 2483 902 2541 et
918 2467 1056 2540 ubinam
1074 2467 1256 2567 apostolica

145 2583 319 2656 concessio
343 2599 377 2657 et
399 2584 608 2672 Declaratio‚
629 2611 689 2658 seu
715 2584 925 2685 dispensatio
950 2601 1089 2657 extensa
1115 2584 1180 2671 sit3
1207 2604 1259 2656 nos

146 2697 211 2771 hac
226 2698 270 2770 de
287 2726 323 2772 re
340 2699 437 2799 plura
453 2718 669 2775 monumenta
686 2701 720 2774 in
738 2703 892 2802 apposito
909 2701 1051 2774 articulo
1064 2700 1254 2774 afferemus.

145 2813 189 2886 ht
205 2814 305 2889 modo
323 2815 482 2948 agitanda
497 2833 549 2891 est
570 2817 724 2918 quaestio
742 2817 886 2890 iuridioa
903 2844 945 2889 an
963 2816 1077 2889 valida
1100 2817 1172 2888 sint
1188 2815 1260 2888 hae

147 2929 326 3003 reticorum
351 2932 506 3030 coniugia
532 2958 595 3006 nec
619 2960 686 3007 non
704 2932 859 3031 coniugia
876 2932 979 3006 mixta
1003 2932 1047 3005 iis
1073 2932 1109 3003 in
1129 2930 1239 3006 locis
1231 2954 1259 3000 ιι

146 3044 271 3144 quibus
293 3046 513 3121 tridentinum
538 3049 708 3123 decretum
729 3049 937 3150 publicatum
955 3049 1017 3122 rite
1035 3047 1116 3135 luit,
1142 3062 1177 3122 et
1193 3044 1261 3148 qui

146 3162 212 3236 bus
236 3163 329 3236 nulla
351 3163 463 3237 lavent
488 3164 692 3264 apostolicae
718 3165 810 3239 sedis
833 3164 975 3238 indulta
1004 3164 1176 3238 Haeretici
1194 3160 1262 3262 qui·

145 3277 223 3351 dem
250 3280 410 3378 coniuges
437 3281 508 3354 sive
533 3281 598 3353 sub
624 3281 803 3355 haereticis
822 3280 1053 3381 principibus,
1075 3280 1151 3354 sive
1168 3280 1261 3353 etiam

149 3394 214 3468 sub
245 3396 421 3471 catholicis
450 3414 645 3485 versentur,
674 3424 717 3470 ne
742 3398 889 3495 cogitant
913 3393 1051 3497 quidem
1082 3395 1209 3469 debere
1231 3416 1262 3468 sc

147 3508 241 3581 iuxta
264 3509 405 3583 sormam
423 3512 637 3585 tridentinam
663 3538 775 3586 coram
801 3512 948 3611 parocho
969 3509 1137 3584 catholico
1155 3509 1261 3583 coniu

147 3622 239 3719 gium
266 3624 375 3698 inire:
405 3625 586 3699 dicendum
613 3655 656 3700 ne
673 3643 770 3699 erunt
787 3653 828 3700 ea
845 3627 959 3700 omnia
976 3624 1135 3722 coniugia
1152 3622 1259 3706 nulla,

148 3739 264 3829 irrita,
286 3742 437 3817 invalida
461 3744 560 3817 esse?
581 3745 739 3841 coniuges
759 3744 924 3818 eiusmodi
951 3742 1069 3816 haberi
1098 3768 1144 3817 ne
1167 3740 1262 3816 debe·

146 3854 230 3927 bunt
255 3872 293 3931 ut
318 3860 549 3934 concubinarii
575 3887 616 3934 ac
641 3858 841 3935 fornicarii?

216 4195 250 4255 (s)
267 4197 333 4245 llaec
348 4196 424 4248 verbs
439 4197 586 4251 confirment
601 4199 663 4251 illud
674 4199 741 4264 quod
759 4199 784 4251 in
795 4197 907 4264 praeced.
920 4196 1026 4249 arficulo
1036 4196 1181 4262 statuimus,
1194 4195 1257 4259 inne

147 4272 262 4324 ‹limentis
277 4276 401 4327 canonlcls
416 4278 490 4330 etiam
506 4279 641 4331 haereticos
656 4280 742 4331 teneri.

217 4355 251 4416 (a)
267 4356 296 4406 lo
314 4355 406 4408 Bollar.
424 4358 515 4410 Bened.
533 4360 597 4411 xlv.
612 4362 673 4412 tom.
689 4361 710 4412 1.
727 4372 782 4424 pag.
795 4364 886 4421 etseq.
