2804 5062
142 337 212 412 298
391 355 453 407 ιιι.
472 355 509 407 ιι.
529 354 615 407 secr.
637 356 660 405 ι.
681 355 721 406 ne
739 354 865 406 rorssr.
887 353 1016 408 ncesse.

145 474 257 579 (quod
270 487 380 548 ratum
392 488 540 562 tantum,
556 470 642 549 solvi
655 473 1007 576 quandoquepetest)
1018 473 1252 552 indissolubile

139 592 280 673 omnino
293 587 549 691 efficitur,quod
559 615 657 664 neme
669 589 816 690 prolecto
829 591 929 666 dicet.
942 591 1082 668 Accedit
1095 593 1188 694 quod
1201 620 1257 694 per

140 706 347 809 baptismum
372 704 508 807 proprie
525 729 592 779 non
608 705 773 780 habeatur
788 706 856 782 nisi
874 706 1019 782 anteacti
1036 709 1190 809 coniugii
1206 736 1256 785 ra·

141 824 323 913 tihebitie,
347 847 436 926 quae
455 839 543 897 certe
568 849 637 898 non
660 823 786 899 sufficit
810 824 854 898 ad
879 841 1131 900 sacramentum
1156 826 1256 902 conli-

141 939 312 1020 ciendum.
329 940 428 1028 Sane,
442 939 473 1014 si
487 938 602 1040 aliquo
616 940 854 1041 impedimento
867 940 1012 1017 naturali
1024 942 1208 1017 dirimente
1219 943 1256 1015 ir

142 1054 231 1131 retiti
244 1053 399 1137 infideles
412 1054 573 1153 coniuges
583 1055 971 1144 intersecontruhereut,
982 1055 1256 1156 perbaptismun

142 1168 392 1245 matrimonium
405 1195 446 1244 ex
459 1169 609 1245 invalido
625 1168 774 1246 validum
790 1170 884 1246 haud
899 1169 1088 1246 efficeretur
1105 1196 1170 1246 nec
1184 1197 1255 1246 con·

142 1283 338 1360 valesceret.
358 1285 520 1375 Demnm,
540 1284 764 1374 concludunt,
789 1287 820 1361 si
842 1286 925 1362 lorte
942 1286 1009 1361 duo
1027 1287 1191 1386 coniuges
1207 1287 1253 1360 in·

144 1397 262 1475 fideles
294 1401 353 1501 qui
379 1402 414 1474 in
439 1400 570 1476 dissitis
596 1401 789 1499 regionibus
815 1401 964 1500 degunt,
991 1402 1077 1501 quin
1110 1401 1194 1476 alter
1214 1400 1249 1474 de

143 1513 249 1592 altero
265 1516 370 1605 sciat,
393 1516 613 1592 christianum
640 1517 740 1591 fidem
766 1517 1063 1617 amplecterentur,
1089 1518 1250 1618 sacrisque

145 1630 360 1709 abluerentur
376 1631 500 1720 undis,
523 1659 633 1734 neque
654 1633 697 1705 de
721 1633 936 1707 matrimonio
955 1633 1163 1730 cogitarent,
1182 1633 1248 1733 quis

144 1747 272 1823 diceret
295 1747 436 1824 istorum
461 1749 654 1847 coniugium
678 1747 767 1822 allici
797 1747 1077 1824 sacramentum?
1106 1747 1247 1822 Attamen

146 1862 384 1940 indissolubile
397 1864 492 1939 lieret
504 1892 571 1940 non
585 1864 722 1967 quidem
735 1891 775 1939 ex
790 1863 991 1939 sacramenti
1004 1864 1156 1952 ratione,
1173 1889 1249 1965 quae

148 2004 215 2052 nen
248 1977 411 2066 habetur,
440 1977 578 2053 sedvel
605 2004 646 2053 ex
670 1978 857 2080 baptismo,
884 1977 938 2053 vel
969 2006 1011 2052 ex
1036 1978 1165 2054 Christi
1187 1979 1250 2076 lege

150 2094 292 2192 (llatth.
307 2095 394 2167 Xlll.
414 2098 447 2166 e.
463 2098 491 2190 );
514 2094 667 2195 adeoque
685 2120 725 2168 ex
751 2093 1050 2168 indissolubilitate
1075 2121 1181 2195 quam
1201 2119 1252 2194 pet

147 2208 316 2311 baptisma
341 2210 545 2283 nanciscitur
561 2209 754 2306 coniugium
776 2209 811 2281 in
831 2207 1030 2283 infidelitate
1054 2209 1252 2284 celebratum

148 2324 244 2423 argui
270 2324 388 2425 nequit
407 2324 607 2399 sacramenti
625 2323 722 2397 ratio.
740 2322 812 2397 Hoc
829 2349 907 2398 reru
927 2323 1150 2399 confirmatur
1165 2351 1206 2398 ex
1218 2349 1253 2398 ec

147 2439 239 2541 quod
257 2439 470 2514 inserendum
487 2455 577 2513 esset
594 2437 716 2512 subiici
738 2437 840 2511 etiam
859 2436 1047 2511 infidelium
1066 2440 1254 2538 coniugium

147 2554 387 2631 ecclesiasticis
407 2554 676 2656 impedimentis,
697 2554 727 2626 si
746 2553 838 2627 lieret
858 2569 1108 2639 sacramentum
1131 2554 1166 2629 in
1189 2556 1254 2656 ipso

147 2669 307 2770 baptismi
325 2686 424 2759 actu,
445 2697 544 2746 secus
563 2697 603 2744 ac
619 2669 793 2743 delinitum
812 2669 913 2743 luerit
925 2669 968 2742 ab
982 2671 1182 2746 Innocentio
1199 2671 1251 2743 lll.

149 2787 185 2858 in
204 2811 280 2885 cap.
295 2785 479 2859 Gondcmos
497 2789 531 2858 8.
549 2787 597 2858 De
615 2786 777 2858 divortiis.
795 2786 912 2885 ltaque
928 2785 1087 2859 omnibus
1106 2787 1254 2888 expensis

148 2901 212 2976 rite
235 2900 348 3000 colligi
375 2917 483 3003 potest
511 2902 729 2977 nullomodo
759 2900 946 2974 infidelium
977 2902 1174 3000 coniugium
1203 2928 1254 3002 per

147 3016 306 3119 baptismi
328 3018 578 3117 susceptionem
592 3018 735 3092 transire
748 3016 791 3089 ad
806 3018 1004 3091 sacramenti
1017 3018 1249 3093 conditionem.

150 3133 318 3210 Hactenus
340 3132 476 3235 quidem
494 3134 668 3231 negativae
686 3133 871 3208 sententiae
888 3132 1154 3232 adstipulatores
1172 3135 1250 3231 (12).

220 3250 340 3324 Verum
368 3249 520 3351 plerique
546 3248 692 3347 theologi
715 3265 748 3323 et
767 3274 932 3323 canonum
957 3247 1158 3348 interpretes
1176 3247 1252 3322 affin

149 3365 306 3441 motivam
331 3383 502 3441 sectantur
526 3367 746 3452 sententiam,
767 3365 854 3439 inter
870 3391 956 3465 quos
973 3365 1124 3439 eminent
1141 3364 1252 3439 Beller-

150 3481 262 3556 minus
277 3484 367 3579 (13),
383 3482 442 3583 qui
468 3508 542 3555 eam
567 3507 762 3555 communem
788 3479 871 3553 dicit
895 3479 982 3553 iuter
1007 3477 1249 3578 theologosqui

150 3597 389 3670 commentaria
415 3623 478 3671 sua
502 3595 679 3669 ediderunt
704 3597 739 3666 in
766 3597 799 3666 l.
820 3596 968 3668 Sentent.
991 3595 1072 3668 dist.
1099 3599 1158 3668 39.
1178 3597 1249 3691 lay-

150 3737 252 3787 manu
269 3713 357 3809 (14),
374 3711 524 3785 Sanchez
541 3715 613 3809 (15)
631 3712 757 3811 aliique
778 3711 892 3812 plures
909 3711 953 3784 ab
971 3710 1026 3786 his
1044 3712 1131 3813 ipsis
1149 3725 1246 3786 aucto

152 3825 246 3903 ribus
279 3828 558 3914 commemorati,
593 3827 773 3927 praecipue
806 3853 885 3901 vero
917 3825 1074 3924 Kugler‚
1106 3827 1243 3928 quinon

224 4075 274 4138 (tt)
289 4075 360 4139 Apud
375 4077 466 4140 llugler
481 4091 521 4142 op.
536 4076 577 4128 cit.
590 4078 755 4141 p.1.q.v111.

224 4155 274 4217 (ιι)
290 4155 345 4206 Lib.
359 4159 396 4206 De
410 4160 528 4207 matrtm.
543 4170 597 4220 cep.
608 4160 639 4206 V.
649 4157 675 4206 ln
689 4157 751 4218 fine,
768 4169 811 4206 sen
827 4170 852 4206 11.
867 4161 905 4206 ιι.

224 4232 274 4296 (ιι)
287 4233 341 4285 mu.
352 4237 382 4286 V.
395 4237 466 4287 trect.
476 4239 506 4286 x.
519 4237 581 4300 pert.
591 4236 623 4287 ΙΙ.
634 4249 688 4300 cap.
701 4243 722 4286 3.
734 4249 759 4285 ιι.
768 4244 790 4286 s.

221 4313 271 4380 (tt)
290 4313 345 4369 Lib.
359 4315 391 4368 ΙΙ.
403 4315 467 4381 disp.
480 4318 522 4369 lx.
533 4329 559 4367 n.
570 4323 593 4368 t.
