2804 5062
1184 353 1252 424 dbl

572 497 736 559 CAPUT
757 499 812 555 ΙΙ.

163 668 203 720 ΒΕ
220 667 315 719 ClVlld
337 664 511 718 POTESTAT!
536 666 705 718 rntnctrttrt
731 665 879 719 statutt!
898 665 1227 746 circumtonante!

585 764 809 816 contemnum

567 927 775 986 ARTlCULUS
795 927 818 983 l.

144 1032 290 1142 Prlnci1rm
310 1064 462 1125 chrtsttanl
484 1063 650 1126 nullatenus
674 1063 783 1125 habent
804 1065 991 1144 originariam
1011 1071 1099 1143 annua
1120 1064 1246 1126 exclusi·

211 1179 281 1222 vam
300 1168 472 1239 potestatem
494 1162 688 1223 eonsttmendt
708 1161 916 1239 impedimenta
939 1163 1162 1239 Matrimonium,
1174 1163 1251 1223 ehrl·

210 1261 339 1320 ottonum
362 1259 542 1321 nummus

208 1416 294 1490 Cum
318 1444 428 1493 sermo
452 1417 498 1491 sit
521 1416 565 1492 de
582 1416 813 1518 principibus,
835 1433 934 1517 prout
951 1417 1129 1493 christiani
1147 1434 1248 1507 sunt,

137 1547 240 1632 utque
262 1531 460 1606 christianis
485 1532 667 1632 imperant,
695 1548 733 1605 ut
749 1533 792 1608 iis
811 1533 866 1607 ius
884 1533 1033 1608 nativum
1057 1559 1252 1635 supremum

137 1645 370 1746 independens
399 1662 501 1746 atque
529 1646 736 1721 exclusivum
766 1647 993 1722 adstrueretur
1025 1648 1253 1723 constituendi

136 1761 393 1863 impedimenta,
422 1787 510 1861 quae
534 1759 627 1835 nulla
651 1761 795 1841 reddant
819 1787 859 1834 ao
885 1761 979 1835 irrita
995 1760 1146 1835 fidelium
1171 1787 1252 1836 eon-

136 1877 260 1965 nubia‚
288 1876 420 1954 ostendi
446 1877 482 1950 id
505 1866 641 1951 deberet
666 1891 724 1950 aut
748 1904 788 1949 ex
812 1877 985 1976 Scriptura
1009 1893 1067 1950 eut
1089 1902 1130 1950 ex
1148 1876 1253 1951 tradi·

138 1994 230 2068 tione
255 2007 405 2092 patrum,
434 2007 493 2074 eut
516 2019 557 2065 ex
582 1992 768 2067 canonibus
794 1992 1036 2080 conciliorum,
1066 1991 1124 2092 qni
1147 2018 1186 2067 se
1210 1992 1255 2068 ci-

134 2106 262 2182 vilibus
287 2106 331 2179 de
349 2107 562 2180 matrimonio
579 2106 713 2205 legibus
732 2121 1005 2206 attemperarent,
1026 2124 1084 2180 aut
1100 2133 1141 2180 ex
1168 2107 1254 2208 ipsis

135 2221 396 2297 coenobialibus
414 2221 566 2320 legibus,
582 2248 703 2322 quaea
716 2223 910 2297 christianis
925 2222 1137 2321 principibus
1151 2221 1254 2296 datae

136 2336 357 2438 perhibentur
374 2354 474 2437 prout
490 2363 552 2411 nos
568 2363 611 2410 ex
629 2338 704 2411 istis
723 2338 872 2412 lontibus
890 2339 1099 2412 ostendimus
1118 2337 1171 2412 ius
1185 2338 1256 2412 ori·

138 2453 308 2552 ginmmm
326 2453 552 2528 constituendi
571 2453 814 2552 impedimenta
831 2454 1081 2529 matrimonium
1095 2453 1255 2528 dirimen-

137 2567 185 2642 tia
210 2565 376 2641 ecclesiae
400 2583 605 2666 competere,
634 2594 695 2640 seu
720 2568 911 2642 convenire.
941 2569 1043 2642 Porro
1060 2594 1100 2640 ex
1122 2566 1255 2643 nulloe

135 2681 313 2756 recensitis
338 2680 505 2781 capitibus
532 2681 728 2756 huiusmodi
755 2682 808 2756 ius
833 2683 964 2757 ostendi
991 2699 1113 2784 potest.

173 2793 174 2796 ¹
212 2798 287 2871 Non
312 2823 353 2868 ex
376 2795 480 2870 verbo
496 2795 558 2868 Dei
585 2797 710 2897 scripto
735 2797 771 2869 in
797 2823 865 2897 quo
890 2798 934 2872 de
959 2798 1031 2872 iure
1058 2798 1122 2874 boc
1148 2799 1251 2874 altum

135 2929 187 2988 est
212 2912 404 2998 silentium,
433 2912 501 2986 imo
524 2928 564 2984 ut
579 2911 746 3000 vidimus,
767 2913 1017 3012 aequivalenter
1039 2914 1248 3004 excluditur,

136 3028 218 3102 dum
244 3046 278 3102 et
302 3027 457 3101 Christus
482 3043 516 3101 et
540 3027 690 3128 Apostoli
716 3028 845 3129 absque
862 3029 970 3113 ullae
988 3029 1151 3104 saeculari
1170 3057 1253 3131 qua·

136 3145 188 3218 uis
214 3158 380 3244 potestate
405 3141 631 3242 dependentia
656 3144 712 3219 ius
735 3145 770 3216 in
796 3144 1047 3218 matrimonium
1064 3142 1130 3218 sibi
1150 3144 1252 3220 tribu·

136 3276 234 3334 erunt
259 3274 359 3358 atque
384 3243 630 3332 exercuerunt(
803 3260 806 3266 ’

209 3374 276 3448 Sed
302 3399 411 3474 neque
436 3400 477 3447 ex
502 3374 693 3459 traditione.
715 3376 741 3447 E
769 3375 875 3448 tribus
893 3372 1063 3473 prioribus
1081 3373 1245 3448 ecclesiae

134 3491 282 3576 seculis,
303 3516 380 3584 ¹non
405 3489 572 3588 estquod
598 3489 800 3564 documenta
823 3515 1044 3590 quaeramus,
1065 3515 1141 3561 cum
1165 3488 1251 3563 nulli

133 3621 249 3682 essent
265 3620 346 3677 tuno
363 3606 524 3703 temporis
542 3605 718 3678 christiani
736 3605 926 3705 principes,
944 3604 1069 3705 quibus
1087 3605 1141 3678 ius
1158 3604 1250 3678 istud

132 3722 235 3797 tribui
262 3738 389 3821 posset.
419 3721 598 3821 Reliquum
625 3722 821 3818 igiturest,
859 3737 897 3795 ut
925 3721 1028 3795 huius
1060 3720 1251 3794 traditionis

133 3837 337 3912 documenta
361 3863 382 3909 a
406 3863 475 3909 sec.
497 3837 550 3908 lv.
579 3853 613 3910 et
637 3838 797 3935 deinceps
824 3837 1039 3935 colligantur,
1060 3836 1150 3910 unde
1170 3862 1252 3910 con·

134 3953 269 4028 liciatur
293 3967 427 4050 patres,
456 3952 616 4040 concilia,
646 3969 678 4026 et
707 3953 911 4027 christianos
943 3953 1114 4052 principes
1146 3978 1252 4049 agno·

132 4068 225 4141 uisse
243 4066 298 4139 ius
316 4066 541 4140 constituendi
569 4065 808 4165 impedimenta
833 4066 1054 4140 christianum
1079 4066 1253 4140 matrimo-

134 4185 228 4258 nium
263 4183 456 4257 dirimentia
483 4183 526 4256 ad
562 4182 693 4258 ciuilem
719 4199 915 4284 potestatem
947 4183 1146 4281 originario,
1183 4183 1251 4258 imo

131 4300 234 4374 etiam
261 4298 431 4374 exclusive
456 4325 516 4398 per
542 4325 579 4373 se
604 4299 784 4399 pertinere,
813 4299 898 4372 adeo
923 4314 961 4372 ut
991 4313 1139 4400 potestas
1175 4297 1251 4398 ipse
