2804 5062
107 397 243 450 monn.
257 396 589 449 semronmaron
604 396 706 448 rroun.
721 397 782 447 vm.
796 397 859 448 rur.
872 399 920 448 ss.
938 400 1008 448 aar.
1027 400 1049 448 r.
1107 377 1176 450 att

73 517 175 605 libro,
207 517 290 591 dum
315 516 359 590 de
384 514 680 590 indissolubilitato
708 533 879 616 tamquam
909 517 952 590 de
978 505 1179 616 proprietate

72 633 247 707 christiani
269 631 428 707 connubii
454 632 672 706 disseremus.

139 746 229 821 lllud
248 774 338 822 nunc
354 748 486 821 firmum
500 763 649 835 maneat;
666 747 827 849 quamdiu
845 747 998 822 infideles
1018 750 1179 846 coniuges

68 862 169 938 ambo
186 862 223 937 in
241 862 437 937 infidelitate
455 879 668 962 permanent,
685 863 835 962 ipsorum
854 863 1046 960 coniugium
1063 889 1180 937 verum

68 1001 107 1050 ac
136 976 329 1076 legitimum
351 1003 452 1065 osse,
485 978 639 1077 quamuis
667 977 731 1050 sub
757 978 873 1078 aliqua
902 978 1030 1052 ratione
1061 981 1181 1076 imper-

67 1093 201 1190 [ectum,
213 1108 254 1165 ut
264 1091 501 1168 animadvertit
512 1119 542 1167 s.
553 1093 699 1168 Thomas
713 1093 884 1167 scribens:
904 1095 1179 1168 «Matrimonium

68 1205 302 1306 principaliter
323 1207 511 1283 institutum
532 1224 585 1283 est
605 1208 648 1281 ad
666 1207 790 1282 bonum
808 1207 943 1308 prolis,
965 1236 1031 1284 non
1049 1197 1177 1284 tantum

68 1320 303 1417 generandae,
331 1319 501 1422 quiahoc
527 1324 602 1396 sine
627 1323 840 1397 matrimonio
865 1323 935 1397 fieri
962 1340 1096 1424 posset,
1120 1325 1180 1399 sad
1236 1387 1243 1392 .

67 1437 170 1509 ctiam
197 1438 442 1537 promovendae
465 1438 509 1510 ad
534 1438 717 1537 perlectum
744 1454 886 1526 satum,
907 1439 988 1539 quia
1012 1439 1183 1538 quaelibet

69 1575 122 1624 res
144 1549 291 1624 intendit
314 1551 511 1626 naturaliter
535 1552 690 1626 ellectum
717 1580 817 1626 suum
845 1554 1028 1652 producere
1045 1553 1088 1626 ad
1107 1580 1182 1656 per-

71 1667 193 1740 lectum
214 1682 351 1741 statum.
372 1669 434 1742 Est
457 1685 567 1741 autem
594 1670 628 1739 in
654 1669 748 1769 prole
768 1668 892 1768 duplex
916 1669 1078 1743 naturalis
1105 1696 1181 1769 per-

71 1782 169 1856 fectio
194 1784 461 1872 consideranda,
483 1784 611 1858 scilicet
628 1785 787 1883 perfectio
805 1801 964 1871 naturae,
985 1811 1051 1857 non
1070 1786 1180 1858 solum

71 1913 233 1998 quantum
251 1899 294 1972 ad
313 1925 455 2000 corpus,
481 1900 658 1974 sedetiam
678 1915 840 1999 quantum
866 1901 910 1972 ad
932 1900 1097 1989 animam,
1122 1926 1181 2001 per

70 2039 124 2102 aa,
153 2041 245 2115 quae
271 2031 351 2089 sunt
375 2016 419 2089 de
445 2015 519 2114 lege
542 2032 700 2103 naturae,
724 2031 758 2089 et
780 2016 939 2114 perfactio
968 2017 1120 2114 gratiae;
1148 2033 1181 2090 et

71 2129 176 2227 prima
203 2129 361 2229 perfectio
386 2147 439 2205 est
464 2131 626 2205 naturalis
657 2147 690 2205 et
719 2129 913 2229 imperfecta
942 2147 1096 2229 respectu
1127 2156 1181 2204 sa-

70 2244 210 2318 cundae.
232 2245 274 2320 Et
290 2245 367 2321 ideo
391 2273 467 2321 oum
494 2273 569 2334 res,
599 2273 685 2348 quae
709 2262 787 2320 sunt
808 2262 943 2347 propter
967 2246 1090 2335 finem,
1111 2248 1180 2352 sint

70 2360 339 2460 proportionatae
360 2361 440 2449 fini,
469 2363 717 2437 matrimonium
741 2363 831 2462 quod
853 2363 960 2436 tendit
975 2363 1017 2436 ad
1037 2363 1180 2464 primam

70 2477 308 2576 perfectionem
327 2494 379 2553 est
394 2481 617 2579 supersectam
633 2495 667 2552 et
682 2479 855 2552 materiale
881 2495 1034 2579 respectu
1059 2479 1152 2553 illius
1169 2537 1176 2568 ,

69 2592 157 2692 quod
177 2591 287 2666 tendit
303 2593 338 2665 in
356 2593 592 2693 perlectionem
611 2593 806 2669 secundam.
820 2594 861 2666 Et
880 2594 961 2694 quia
983 2595 1091 2694 prima
1109 2620 1182 2695 per·

69 2707 165 2782 lectio
191 2710 380 2784 communis
405 2736 482 2784 essa
505 2725 615 2810 potest
641 2708 797 2782 fidelihus
823 2726 856 2781 et
880 2708 1098 2798 infidelibus,
1127 2735 1181 2784 se-

70 2823 179 2896 cunda
202 2839 314 2898 autom
339 2842 393 2900 est
417 2842 545 2901 tantum
567 2824 737 2914 fidelium,
761 2825 837 2899 ideo
855 2826 941 2900 inter
958 2824 1112 2899 infideles
1129 2841 1183 2899 est

71 2940 208 3038 quidem
229 2942 496 3030 matrimonium,
514 2941 574 3016 sed
595 2969 659 3014 non
673 2945 854 3043 perfectam
870 2941 988 3015 ultima
1006 2942 1181 3042 perlectio-

73 3082 129 3144 na,
161 3057 252 3130 sicut
276 3073 328 3131 est
353 3058 440 3130 inter
464 3057 581 3130 fideles
599 3060 687 3153 (2).»
701 3057 809 3157 Atque
835 3058 915 3129 hinc
935 3058 1058 3130 lactum
1076 3072 1128 3130 est
1146 3071 1182 3129 ut

73 3172 266 3270 coniugium
292 3172 481 3246 infidelium
500 3173 666 3247 diceretur
682 3172 818 3273 quidem
835 3198 947 3269 oerum
964 3171 1023 3245 sed
1043 3197 1109 3244 non
1125 3197 1182 3243 ro·

75 3301 155 3372 tum,
184 3286 337 3361 fidelium
363 3304 473 3362 autem
495 3305 528 3363 et
544 3316 655 3361 vnum
673 3303 703 3361 et
719 3304 848 3372 rotum,·
878 3288 1023 3386 itemque
1044 3303 1081 3359 ut
1101 3312 1182 3360 oon·

76 3402 201 3502 logium
228 3403 415 3476 infidelium
441 3403 645 3504 quandoque
666 3401 831 3490 solubile,
860 3401 1010 3475 fidelium
1035 3400 1183 3476 indisso-

75 3513 175 3591 lubile
205 3542 344 3616 prorsus
369 3517 547 3591 diceretur.
573 3520 674 3592 Porro
700 3517 743 3590 ad
769 3518 898 3617 praxim
924 3518 1014 3616 quod
1041 3517 1178 3604 attinet,

76 3633 248 3720 adiuncta,
278 3658 366 3731 quae
384 3633 426 3706 ad
444 3633 639 3707 huiusmodi
667 3634 813 3731 coniugii
844 3632 1043 3706 solutionem
1071 3632 1182 3731 requi-

77 3765 210 3835 untur,
227 3748 324 3847 plura
337 3749 479 3821 ecclesia
498 3748 550 3823 vel
568 3750 683 3822 statuit
700 3749 753 3823 vel
770 3747 971 3833 declaravit,
995 3774 1101 3847 eaque
1120 3773 1181 3820 nos

76 3859 102 3935 in
128 3864 323 3964 insequenti
349 3863 492 3937 articulo
518 3864 710 3937 alleremus.

140 3982 238 4054 Nunc
260 3981 374 4080 itaque
391 3980 434 4054 ad
452 3981 590 4053 alteram
617 3979 837 4078 theologicam
859 3979 1089 4079 quaestionem
1106 4004 1183 4076 gra·

72 4091 150 4170 dum
176 4098 321 4171 lacimus
347 4098 437 4171 circa
458 4096 684 4171 conditionem
703 4122 764 4170 scu
782 4111 935 4169 naturam
952 4122 1053 4196 quam
1073 4095 1183 4168 induit

73 4211 322 4286 matrimonium
353 4210 540 4297 infidelium
567 4212 703 4309 quando
729 4228 868 4312 uterquc
894 4213 936 4285 ad
962 4210 1181 4286 christianam

141 4361 177 4426 (a)
191 4364 220 4415 tn
231 4366 255 4414 t.
268 4362 377 4416 sentent.
391 4361 437 4414 dis.
452 4368 489 4416 ta.
502 4376 527 4426 q.
541 4370 560 4414 t.
575 4363 622 4414 art.
635 4371 660 4414 a.
