2804 5062
143 348 212 420 att
334 368 395 419 un.
416 367 452 417 11.
473 366 559 417 aner.
580 365 711 416 suram.
732 364 772 415 nr
798 363 924 415 rorum.
945 363 1057 415 usur.

142 490 328 562 animarum
355 500 544 559 nostrarum
569 482 728 557 definitae
753 496 833 555 sunt
865 478 995 576 (lists
1012 479 1147 568 Quibus
1172 500 1254 582 pate

142 604 222 679 lacit
245 603 311 677 sibi
337 603 427 677 ciros
443 600 561 676 civiles
580 599 671 697 leges
689 597 836 671 tribuere
852 612 1072 696 potestatem,
1093 598 1185 675 cirea
1206 625 1255 674 ca-

143 744 249 795 nones
265 744 345 793 vero
362 742 476 792 sacros
495 732 528 791 et
544 715 680 789 divinas
696 713 789 811 leges
814 714 998 787 custodiam
1013 713 1116 791 unice
1132 714 1257 791 adscri-

145 833 234 907 bere.
256 832 386 906 Deinde
402 831 618 931 prosequitur
634 829 723 901 idem
742 829 924 927 imperator
940 826 1087 928 loquens
1098 829 1138 902 in
1150 831 1257 929 speeie

142 947 186 1020 de
198 947 305 1022 sacris
317 945 520 1020 canonibus:
538 943 630 1031 «Qui
642 943 733 1018 enim
746 967 862 1017 sacros
879 967 1027 1017 caucum
1042 942 1251 1028 custodiunt,

143 1063 279 1137 Domini
303 1063 365 1136 Dei
396 1060 562 1135 adiutorio
590 1060 684 1157 digni
714 1068 811 1134 sunt:
837 1059 898 1159 qui
927 1074 1037 1133 autem
1069 1084 1131 1135 ecs
1157 1074 1257 1135 trans·

143 1177 359 1277 grediuntur,
389 1177 455 1277 ipsi
491 1176 690 1277 semetipsos
723 1174 849 1250 iudicio
880 1174 1026 1250 reddunt
1056 1173 1254 1251 onomius..

143 1291 288 1390 Agnovit
312 1291 416 1388 igitur
440 1291 497 1365 bio
521 1289 694 1387 legislator
720 1314 838 1364 verum
863 1303 990 1363 reatum
1016 1288 1054 1362 in
1078 1304 1256 1388 transgras

144 1407 240 1481 sione
269 1431 460 1494 canonum,
493 1406 644 1505 adeoque
673 1404 752 1479 illos
781 1429 894 1479 veram
923 1403 1087 1478 inducere
1114 1430 1162 1478 ex
1189 1430 1256 1481 sese

145 1522 400 1620 obligationem
420 1520 512 1621 quod
537 1520 662 1594 clarius
687 1519 800 1594 adbuc
824 1537 916 1621 patet
937 1545 979 1593 ex
1001 1520 1255 1622 insequentibus

144 1637 271 1711 verbis:
285 1635 405 1723 «Quod
418 1651 530 1709 autem
544 1635 650 1710 divini
665 1642 813 1709 meones
827 1634 1006 1735 probibent
1017 1635 1165 1711 clericos
1172 1663 1252 1723 asae,

145 1751 205 1850 qui
231 1749 415 1825 secundam
439 1775 576 1826 uxorem
601 1749 786 1836 duxemnt,
814 1765 848 1824 et
870 1748 957 1823 inter
980 1774 1099 1824 sacrm
1115 1750 1254 1826 Racilius

146 1866 272 1938 docens
290 1864 340 1938 sic
357 1865 421 1938 ait:
442 1864 598 1961 bigamos
620 1888 728 1938 canon
746 1863 935 1938 ministerio
954 1862 1121 1952 excludit,
1137 1865 1252 1967 inquit,

146 1994 236 2052 etex
254 1979 297 2052 iis
315 1979 511 2078 progenitos
531 1981 651 2074 (35).»
666 1978 809 2051 Domum
829 1976 999 2052 concludit
1014 2003 1093 2079 cap.
1109 1979 1189 2054 11..
1202 1979 1253 2053 llis

148 2094 271 2191 igitur,
298 2118 387 2194 quae
411 2092 518 2167 sacris
542 2092 729 2166 canonibus
754 2091 889 2191 definito
915 2108 1009 2178 atat,
1043 2094 1251 2180 insistente,

145 2224 357 2310 praesentem
382 2207 555 2283 sancimus
584 2207 691 2306 legem
712 2210 786 2305 (36)
805 2236 823 2279 s
842 2234 962 2309 nempe
985 2208 1031 2283 ad
1059 2235 1123 2285 eos
1152 2226 1253 2285 tatan-

27 2367 32 2375 ·
146 2322 209 2398 dos
235 2338 272 2398 ut
288 2324 477 2409 executioni
495 2322 709 2397 mandentur.
730 2325 850 2424 ltaque
865 2339 998 2400 constat
1012 2350 1057 2399 ex
1073 2325 1253 2402 lastiniam

148 2465 213 2512 oon
237 2464 374 2512 conones
400 2439 543 2538 lepidas,
570 2438 627 2512 sed
654 2439 737 2538 leqes
762 2439 938 2514 conoeides
962 2438 1112 2515 adiectos
1141 2443 1249 2540 saba,

147 2578 246 2627 secus
270 2579 311 2626 ac
335 2553 440 2626 velint
464 2553 654 2650 regalistae.

221 2668 258 2740 ld
284 2670 395 2768 ipsum
420 2669 597 2742 confirmat
621 2670 686 2742 Leo
702 2669 755 2740 vt.
777 2685 996 2767 cognomento
1018 2671 1178 2768 Sapiens,
1202 2670 1250 2772 qui

150 2783 279 2882 aliquot
302 2799 378 2886 post
390 2783 504 2857 secula
518 2784 704 2856 lastiniano
720 2786 901 2872 successit,
917 2785 1045 2884 quique
1063 2788 1199 2862 constit.
1214 2786 1248 2858 lt.

149 2928 167 2966 e
178 2896 289 2984 Quum
303 2900 526 2985 sacrosancti,
547 2900 674 2999 inquit,
695 2898 869 2999 divinique
886 2926 1051 2990 canones,
1067 2918 1102 2976 et
1112 2904 1251 3003 quicum

147 3039 214 3113 que
238 3013 296 3085 alii
321 3012 364 3085 de
390 3014 578 3088 sacerdotio
602 3030 636 3088 et
660 3015 892 3115 episcoporum
922 3017 1092 3091 creatione
1116 3034 1251 3093 statuere

147 3131 183 3202 in
200 3129 363 3228 optimum
382 3130 599 3229 numerisque
612 3129 768 3203 omnibus
783 3130 919 3230 plenum
931 3131 1012 3205 editi
1027 3149 1111 3206 sunt
1123 3133 1249 3208 modum

149 3245 357 3344 (etquidem
375 3246 544 3345 quomodo
563 3245 612 3318 illi
631 3273 698 3320 nou
716 3263 830 3320 exacte
848 3247 1062 3347 perfecteque
1083 3248 1168 3323 editi
1193 3248 1251 3322 sint

146 3386 222 3434 cum
236 3360 353 3435 divina
366 3362 543 3461 inspiratio
558 3362 592 3433 in
606 3362 800 3436 auctoribus
810 3362 991 3436 efficaciter
1000 3379 1141 3462 operata
1150 3363 1248 3457 sict),

146 3475 260 3548 mirari
285 3476 393 3563 subit,
422 3477 590 3577 quomodo
615 3504 681 3551 non
699 3479 796 3552 veriti
819 3477 970 3553 nonnulli
988 3479 1058 3552 sint
1075 3506 1192 3554 sacras
1208 3478 1250 3551 di·

145 3590 312 3690 vinasque
337 3589 447 3689 leges,
468 3608 639 3691 tamquam
659 3591 736 3666 illae
753 3591 925 3666 absolutae
947 3618 1013 3666 non
1031 3610 1169 3681 essent,
1188 3616 1249 3693 pro

145 3704 305 3803 mulgatis
322 3705 401 3780 aliis
427 3705 557 3804 legibus
575 3706 736 3804 abrogare
752 3711 865 3805 (37).»
878 3706 971 3782 Adeo
982 3710 1099 3808 magni
1118 3708 1248 3785 faciebat

147 3818 202 3894 hic
226 3820 408 3920 imperator
432 3847 597 3896 canonum
624 3823 873 3897 auctoritatem!

218 4013 269 4074 (at)
284 4012 347 4061 thid.
358 4027 415 4077 pag.
428 4021 481 4065 ate.

218 4090 269 4153 (35)
285 4091 348 4141 lbid.
359 4106 414 4157 cap.
424 4094 446 4142 Ι.
459 4108 514 4158 pag.
527 4101 580 4147 609.

219 4170 268 4231 (aa)
286 4170 347 4219 lbid.

218 4249 268 4309 (³7)
285 4253 411 4314 Imperat.
429 4254 520 4303 mona
540 4255 651 4316 Asqustt
672 4256 870 4305 constttattonee
888 4252 1016 4304 novettae.
1031 4254 1076 4304 Ed.
1088 4253 1183 4306 tiaris.
1203 4251 1242 4301 ste

147 4326 220 4391 plisni
241 4335 308 4381 156⁰.
323 4342 378 4394 pag.
395 4335 432 4381 17.
