2804 5062
191 393 261 446 cur.
274 393 363 480 runs
376 393 482 445 rores.
497 392 598 444 smne.
613 393 675 444 rin.
690 393 751 444 cra.
765 393 860 445 11111.
873 393 995 445 cnursr.
1008 395 1133 446 sanir.
1165 374 1237 446 itt

138 528 227 587 noret
242 509 332 587 velut
349 511 491 586 abusum
510 511 715 586 auctoritatis
740 511 919 600 ecclesiae,
943 537 1042 587 usum
1058 513 1131 586 eius
1150 530 1242 612 pote-

136 622 232 701 statis
257 642 413 726 acceptae
437 653 458 699 a
482 628 576 714 lieo,
603 653 672 727 qua
697 626 750 701 usi
776 642 855 701 sunt
878 641 911 700 et
934 627 1070 727 ipsimet
1091 626 1241 727 Apostoli

137 741 171 814 in
188 736 372 841 disciplina
400 741 560 815 exteriore
589 739 823 815 constituenda
849 757 882 816 et
906 742 1099 816 sancienda.
1120 742 1243 815 Haere-

135 855 290 929 ticam-V.
307 856 410 943 «Qua
423 871 516 956 parte
528 856 698 944 insinuat,
720 855 895 931 ecclesiam
909 884 974 931 non
989 858 1113 931 habere
1131 874 1242 932 aucto

135 971 268 1045 ritatem
293 969 510 1046 subiectionis
537 972 609 1045 suis
636 971 778 1044 decretis
810 970 995 1070 erigendae
1019 972 1116 1046 aliter
1139 999 1242 1073 quam

134 1112 194 1188 per
217 1085 350 1174 media,
366 1111 453 1186 quae
477 1086 624 1188 pendent
642 1111 662 1158 a
679 1083 910 1186 persuasione.
937 1086 1110 1172 Quatenus
1134 1087 1244 1160 inten-

133 1199 193 1275 dat
215 1199 394 1274 ecclesiam
418 1227 482 1272 noo
511 1201 624 1274 tatere
648 1200 801 1272 collatam
824 1201 891 1273 siti
918 1228 939 1274 o
966 1203 1032 1273 Deo
1051 1215 1243 1300 potestatem

132 1340 197 1389 ooo
215 1313 325 1388 solum
339 1314 506 1414 diriqendr‘
520 1340 581 1414 per
601 1315 737 1388 consilio
755 1317 985 1400 structiones,
1005 1316 1062 1389 sed
1082 1318 1181 1389 etiarn
1196 1320 1245 1388 iu·

134 1411 300 1529 liodipcr
313 1426 415 1528 leqes,
431 1456 470 1502 cc
484 1429 613 1515 decios,
637 1444 897 1528 contumacesque
919 1433 1077 1503 exteriore
1097 1430 1238 1515 iudicio,

133 1571 172 1619 cc
196 1543 384 1618 salubribus
409 1546 522 1642 poeuis
552 1543 745 1630 coercendi,
782 1559 877 1643 atquc
907 1545 1050 1644 coquedi.
1071 1589 1089 1602 -
1105 1545 1154 1617 Ex
1184 1545 1246 1617 Be-

133 1659 212 1734 ned.
228 1661 310 1732 xlv.
331 1659 367 1731 in
392 1661 487 1734 Brevi
509 1658 559 1732 Ad
583 1658 735 1732 assiduos
760 1660 839 1732 anni
866 1661 973 1733 titt.
1002 1661 1156 1760 primati,
1189 1687 1244 1733 ar-

133 1774 361 1876 chiepiscopis
387 1791 420 1848 et
444 1775 732 1875 episcopisregni
759 1774 1110 1849 Poloniae-iuduceus
1135 1778 1170 1847 iu
1186 1800 1243 1875 ey-

134 1904 239 1963 stcmc
261 1889 348 1961 ulus
372 1887 564 1962 damnatum
579 1903 616 1965 ut
634 1888 863 1961 hoereticum.»
880 1889 1016 1963 Omisso
1033 1914 1131 1988 porro
1147 1887 1243 1962 Brevi

134 2002 260 2083 Bened.
287 2003 370 2076 xlv.
399 2001 558 2076 damnata
591 2002 717 2076 iamdiu
743 2002 826 2076 haec
859 2003 936 2103 ipsa
960 2002 1119 2083 doctrina,
1136 2003 1242 2075 luite

133 2117 261 2191 loanne
283 2118 386 2189 XXll.
403 2117 438 2189 in
456 2117 581 2190 Ioanne
594 2143 615 2190 a
626 2117 778 2190 lenduno
795 2117 1031 2191 constitutione
1055 2116 1243 2214 dogmatica

132 2230 229 2315 licet,
246 2234 334 2305 iusto
357 2246 396 2305 ut
419 2231 587 2306 haeretica
615 2232 728 2328 (itt).
758 2232 801 2304 Et
825 2230 908 2304 haec
940 2231 1038 2305 nobis
1063 2231 1242 2306 adnotasse

132 2346 283 2421 sufficiat
298 2346 460 2421 adversus
478 2373 554 2420 eum
573 2346 631 2445 qui
651 2372 688 2419 se
705 2344 905 2419 catholicum
923 2345 1108 2445 profitetur.
1129 2345 1244 2446 Neque

132 2461 226 2536 enim
250 2462 349 2537 nobis
375 2463 409 2533 in
435 2462 547 2534 animo
572 2477 624 2534 est
648 2459 738 2532 hunc
764 2459 943 2558 specialem
970 2485 1115 2533 errorem
1151 2458 1244 2533 resel-

132 2574 224 2664 lere,
251 2577 342 2676 quod
368 2575 481 2675 plures
499 2575 556 2649 alii
575 2574 706 2672 egregie
724 2574 960 2674 praestiterunt
975 2576 1088 2670 (itt),
1105 2601 1166 2648 nec
1183 2573 1243 2647 hu·

133 2690 191 2764 ius
215 2688 279 2763 loci
304 2705 367 2764 est.

207 2874 275 2938 (151)
290 2874 362 2939 Apud
377 2875 529 2939 Rryneldum
540 2874 572 2926 ad
582 2889 623 2926 an.
638 2880 705 2928 1117.
715 2879 836 2927 1111111111
847 2890 916 2940 seqq.
928 2877 1018 2940 quibus
1031 2878 1100 2942 prius
1114 2891 1177 2928 rom.
1186 2891 1245 2941 pon·

133 2951 195 3003 tiles
218 2952 329 3002 conlutut
346 2966 376 3004 ex
397 2955 473 3005 sacris
492 2954 595 3017 litteris,
613 2969 641 3003 er
658 2968 691 3004 ss.
704 2955 828 3018 patribus,
839 2958 863 3005 et
873 2955 944 3024 praxi
961 2955 1038 3019 ipsius
1053 2956 1169 3006 uclesiae
1184 2956 1247 3005 hunc

133 3042 186 3096 qna
196 3029 228 3082 rle
238 3032 332 3095 aqimus
351 3032 504 3095 doctrinam
523 3033 621 3083 demum
635 3047 660 3083 n.
674 3036 771 3084 xxxv.
781 3035 816 3083 sic
829 3047 884 3084 eam
898 3035 1040 3097 proscribit:
1051 3035 1165 3085 «Ultimo
1178 3033 1247 3097 quod

131 3113 216 3174 Papa,
231 3108 275 3161 'rel
291 3112 343 3161 tote
358 3112 461 3163 eccledu
476 3112 549 3162 simul
565 3114 664 3175 sumptu
679 3113 774 3162 nullum
791 3112 915 3162 hominem
931 3116 1157 3176 quantumcumque
1171 3113 1245 3164 seele-

131 3191 216 3241 ratutu
235 3192 315 3254 potest
333 3191 420 3254 punire
439 3191 568 3257 punitione
583 3193 707 3252 coactiva,
718 3192 766 3240 nisi
781 3192 913 3255 imperator
925 3192 1000 3244 donet
1009 3193 1045 3243 eis
1055 3193 1245 3252 auctoritatem,

132 3270 203 3321 velut
212 3283 296 3321 sacrae
304 3271 444 3335 scripturae
453 3272 589 3323 contrarios
601 3274 609 3334 t
619 3273 684 3321 hunc
695 3271 719 3321 et
731 3275 836 3336 quatuor
848 3272 909 3322 allos
921 3272 1091 3336 praecedentes
1102 3272 1244 3335 articulos),

131 3347 237 3412 etfittct
255 3349 400 3400 eotltoltecc
422 3353 560 3412 inimicos,
583 3351 739 3412 haereticos,
755 3354 811 3400 stoc
827 3350 997 3401 hoereticnler
1011 3353 1038 3400 et
1053 3364 1186 3411 moreau
1201 3363 1246 3401 nec

132 3442 185 3480 non
197 3431 222 3480 et
233 3429 370 3493 nudiores
387 3429 522 3481 Marsillum
535 3433 560 3480 et
572 3433 686 3481 loannem
701 3432 854 3493 (landunum
866 3431 884 3492 l,
905 3431 981 3480 immo
1002 3430 1182 3481 haeresiarchas
1196 3431 1248 3481 lore

131 3508 276 3558 multetur
287 3511 312 3559 et
323 3509 431 3559 notorius
441 3509 618 3559 sententialiter
629 3509 793 3571 declaramus3
803 3510 967 3572 articulosque
978 3524 1006 3560 ac
1017 3510 1091 3559 libros
1101 3507 1247 3574 praedictos,

131 3600 181 3640 nec
190 3591 276 3638 ronst
287 3600 470 3653 quamcumque
484 3588 558 3638 aliam
574 3588 720 3651 scripturam
739 3590 904 3639 continentem
916 3589 1026 3651 eosdem3
1039 3589 1177 3652 praedictos
1188 3601 1248 3651 quo·

135 3680 187 3732 qne
197 3668 332 3719 Manilium
343 3671 368 3718 et
377 3671 508 3730 loannem,
524 3670 552 3717 ut
568 3669 703 3718 haereticos
718 3667 860 3718 manifestos
875 3670 900 3718 et
915 3667 1039 3729 notorius,
1057 3669 1133 3716 immo
1146 3671 1175 3716 ut
1191 3667 1246 3715 hue·

131 3748 271 3799 retentas
283 3747 366 3812 potius
380 3747 539 3815 reprobemus
549 3749 573 3797 et
581 3748 757 3797 sententialiter
768 3746 966 3797 condemnamus.
976 3747 1000 3796 Si
1010 3747 1067 3810 qnis
1078 3746 1143 3795 enim
1158 3745 1248 3795 doctri·

129 3841 189 3878 nent
201 3827 350 3891 praedictam
360 3828 489 3878 defendere
500 3828 539 3877 rel
551 3827 685 3889 approbare
697 3828 898 3890 praesumpserit,
915 3827 1091 3890 cuiuscumque
1108 3825 1247 3889 dignitatis,

129 3905 242 3969 ordinis,
263 3909 307 3957 eut
324 3909 403 3957 status
424 3911 551 3970 umquam
574 3907 709 3956 haereticus
725 3907 894 3957 confutetur.»
906 3906 1000 3956 Viderit
1020 3919 1085 3956 nunc
1103 3907 1192 3969 ll'uqtz'
1206 3908 1250 3955 aut

133 3986 224 4050 Nuyts
238 3989 247 4049 (
259 3984 381 4049 siquidem
391 3985 439 4036 sibi
450 3998 538 4036 nornen
550 3985 706 4047 immutavit)
718 3999 777 4034 num
793 3986 818 4034 in
835 3986 922 4035 horum
935 3998 1035 4035 censum
1051 3985 1103 4048 ipse
1118 3984 1208 4035 veniat.

206 4065 272 4128 (151)
288 4065 326 4115 ct.
341 4065 520 4116 Mamachlltel
534 4064 627 4115 dtrilto
641 4064 725 4115 libero
735 4063 808 4115 delto
819 4066 905 4115 chiesa
914 4065 996 4115 tib.11.
1005 4067 1155 4128 per.ll.cap.
1165 4072 1187 4115 t.
1196 4063 1218 4129 §.
1225 4071 1249 4116 1.

129 4144 235 4198 Blanchl
254 4144 442 4196 Dell'cstertor
462 4146 564 4210 poltzlo
579 4145 651 4196 della
667 4147 765 4207 elstera,
780 4149 841 4196 tom.
853 4149 895 4195 111.
907 4149 988 4209 erpi.
998 4145 1022 4210 §.
1035 4154 1058 4196 a.
1071 4147 1130 4196 item
1147 4158 1201 4211 rep.
1218 4148 1249 4195 V.

125 4225 150 4291 §.
162 4234 187 4277 1.
199 4227 224 4275 et
235 4227 295 4275 torn.
307 4228 349 4274 lv.
360 4225 403 4276 lib.
417 4228 448 4276 11.
460 4239 483 4275 e.
496 4230 521 4275 t.
531 4224 555 4288 ς.
570 4233 578 4275 1
592 4238 664 4289 seqq.
676 4225 794 4276 zacharia
805 4228 905 4276 Dissert.
918 4228 1004 4276 xxvi.
1016 4224 1095 4276 sulla
1100 4224 1204 4289 potestte
1212 4236 1250 4274 re·

125 4304 259 4370 oolatrtce
271 4302 344 4356 dello
360 4304 517 4370 dtsrtpttrra,
536 4308 599 4368 part.
612 4307 656 4355 111,
671 4307 716 4355 art.
731 4312 753 4355 1.
766 4305 790 4355 ln
804 4305 925 4356 Raceolio
936 4305 963 4355 rit
977 4305 1114 4356 dissertas.
1125 4304 1153 4355 di
1168 4307 1252 4356 storto

213 4410 240 4464 ll
1169 4414 1203 4465 28
