<?xml version="1.0" encoding="UTF-8"?>
<!DOCTYPE html PUBLIC "-//W3C//DTD XHTML 1.0 Transitional//EN"
    "http://www.w3.org/TR/xhtml1/DTD/xhtml1-transitional.dtd">
<html xmlns="http://www.w3.org/1999/xhtml" xml:lang="en" lang="en">
 <head>
  <title>
</title>
<meta http-equiv="Content-Type" content="text/html;charset=utf-8" />
  <meta name='ocr-system' content='tesseract 3.04.00' />
  <meta name='ocr-capabilities' content='ocr_page ocr_carea ocr_par ocr_line ocrx_word'/>
</head>
<body>
  <div class='ocr_page' id='page_1' title='image "./dematrimoniochr02perrgoog_0247.png"; bbox 0 0 2804 5062; ppageno 0'>
   <div class='ocr_carea' id='block_1_1' title="bbox 156 364 1020 437">
    <p class='ocr_par' dir='ltr' id='par_1_1' title="bbox 156 364 1020 437">
     <span class='ocr_line' id='line_1_1' title="bbox 156 364 1020 437; baseline -0.007 -1"><span class='ocrx_word' id='word_1_1' title='bbox 156 364 226 437; x_wconf 75' lang='lat' dir='ltr'><strong>2l8</strong></span> <span class='ocrx_word' id='word_1_2' title='bbox 394 386 455 436; x_wconf 82' lang='lat' dir='ltr'><strong>nm.</strong></span> <span class='ocrx_word' id='word_1_3' title='bbox 478 383 513 434; x_wconf 88' lang='grc' dir='ltr'><strong>ιι.</strong></span> <span class='ocrx_word' id='word_1_4' title='bbox 534 384 620 434; x_wconf 86' lang='lat' dir='ltr'><strong>srcr.</strong></span> <span class='ocrx_word' id='word_1_5' title='bbox 641 383 665 432; x_wconf 88' lang='lat' dir='ltr'><strong>r.</strong></span> <span class='ocrx_word' id='word_1_6' title='bbox 686 383 726 432; x_wconf 83' lang='lat' dir='ltr'><strong>nr</strong></span> <span class='ocrx_word' id='word_1_7' title='bbox 743 381 869 433; x_wconf 75' lang='lat' dir='ltr'><strong>aornar·</strong></span> <span class='ocrx_word' id='word_1_8' title='bbox 891 380 1020 435; x_wconf 80' lang='lat' dir='ltr'><strong>ccccm.</strong></span> 
     </span>
    </p>
   </div>
   <div class='ocr_carea' id='block_1_2' title="bbox 147 498 1262 2563">
    <p class='ocr_par' dir='ltr' id='par_1_2' title="bbox 147 498 1262 2563">
     <span class='ocr_line' id='line_1_2' title="bbox 223 498 1259 602; baseline -0.001 -26"><span class='ocrx_word' id='word_1_9' title='bbox 223 501 393 578; x_wconf 78' lang='lat' dir='ltr'><strong>Interdum</strong></span> <span class='ocrx_word' id='word_1_10' title='bbox 416 502 533 578; x_wconf 88' lang='lat' dir='ltr'><strong>eadem</strong></span> <span class='ocrx_word' id='word_1_11' title='bbox 551 529 581 575; x_wconf 92' lang='lat' dir='ltr'><strong>s.</strong></span> <span class='ocrx_word' id='word_1_12' title='bbox 598 526 754 600; x_wconf 85' lang='lat' dir='ltr'><strong>congreg.</strong></span> <span class='ocrx_word' id='word_1_13' title='bbox 771 500 962 576; x_wconf 88' lang='lat' dir='ltr'><strong>aestimavit</strong></span> <span class='ocrx_word' id='word_1_14' title='bbox 978 498 1073 574; x_wconf 89' lang='lat' dir='ltr'><strong>alind</strong></span> <span class='ocrx_word' id='word_1_15' title='bbox 1092 525 1174 576; x_wconf 87' lang='lat' dir='ltr'><strong>esse</strong></span> <span class='ocrx_word' id='word_1_16' title='bbox 1189 528 1259 602; x_wconf 81' lang='lat' dir='ltr'><strong>pru</strong></span> 
     </span>
     <span class='ocr_line' id='line_1_3' title="bbox 151 616 1262 720; baseline -0.005 -26"><span class='ocrx_word' id='word_1_17' title='bbox 151 616 299 694; x_wconf 87' lang='lat' dir='ltr'><strong>dentiale</strong></span> <span class='ocrx_word' id='word_1_18' title='bbox 315 618 518 720; x_wconf 87' lang='lat' dir='ltr'><strong>capiendum</strong></span> <span class='ocrx_word' id='word_1_19' title='bbox 536 632 846 717; x_wconf 75' lang='lat' dir='ltr'><strong>temperamentum.</strong></span> <span class='ocrx_word' id='word_1_20' title='bbox 864 617 947 689; x_wconf 89' lang='lat' dir='ltr'><strong>Nam</strong></span> <span class='ocrx_word' id='word_1_21' title='bbox 963 616 999 688; x_wconf 89' lang='lat' dir='ltr'><strong>in</strong></span> <span class='ocrx_word' id='word_1_22' title='bbox 1017 640 1128 690; x_wconf 71' lang='lat' dir='ltr'><strong>musa</strong></span> <span class='ocrx_word' id='word_1_23' title='bbox 1140 617 1262 716; x_wconf 76' lang='lat' dir='ltr'><strong>Ipranci</strong></span> 
     </span>
     <span class='ocr_line' id='line_1_4' title="bbox 151 730 1261 828; baseline -0.003 -20"><span class='ocrx_word' id='word_1_24' title='bbox 151 736 188 807; x_wconf 80' lang='lat' dir='ltr'><strong>tit</strong></span> <span class='ocrx_word' id='word_1_25' title='bbox 213 736 305 808; x_wconf 78' lang='lat' dir='ltr'><strong>visit.</strong></span> <span class='ocrx_word' id='word_1_26' title='bbox 326 759 448 807; x_wconf 78' lang='lat' dir='ltr'><strong>accur.</strong></span> <span class='ocrx_word' id='word_1_27' title='bbox 471 733 622 805; x_wconf 78' lang='lat' dir='ltr'><strong>liminum</strong></span> <span class='ocrx_word' id='word_1_28' title='bbox 643 734 701 804; x_wconf 85' lang='lat' dir='ltr'><strong>l&#39;l.</strong></span> <span class='ocrx_word' id='word_1_29' title='bbox 723 731 807 828; x_wconf 81' lang='lat' dir='ltr'><strong>Aug.</strong></span> <span class='ocrx_word' id='word_1_30' title='bbox 831 733 939 804; x_wconf 81' lang='lat' dir='ltr'><strong>ttst.</strong></span> <span class='ocrx_word' id='word_1_31' title='bbox 958 731 995 828; x_wconf 70' lang='lat'><strong>§-</strong></span> <span class='ocrx_word' id='word_1_32' title='bbox 1013 731 1169 804; x_wconf 76' lang='lat' dir='ltr'><strong>Attamen</strong></span> <span class='ocrx_word' id='word_1_33' title='bbox 1185 730 1261 806; x_wconf 87' lang='lat' dir='ltr'><strong>baec</strong></span> 
     </span>
     <span class='ocr_line' id='line_1_5' title="bbox 153 842 1260 946; baseline -0.003 -25"><span class='ocrx_word' id='word_1_34' title='bbox 153 847 335 923; x_wconf 88' lang='lat' dir='ltr'><strong>habentur:</strong></span> <span class='ocrx_word' id='word_1_35' title='bbox 360 847 428 918; x_wconf 83' lang='lat' dir='ltr'><strong>«Si</strong></span> <span class='ocrx_word' id='word_1_36' title='bbox 448 846 560 946; x_wconf 91' lang='lat' dir='ltr'><strong>quiin</strong></span> <span class='ocrx_word' id='word_1_37' title='bbox 580 845 712 921; x_wconf 89' lang='lat' dir='ltr'><strong>haeresi</strong></span> <span class='ocrx_word' id='word_1_38' title='bbox 730 845 924 942; x_wconf 89' lang='lat' dir='ltr'><strong>coniugium</strong></span> <span class='ocrx_word' id='word_1_39' title='bbox 941 842 1093 920; x_wconf 91' lang='lat' dir='ltr'><strong>invalide</strong></span> <span class='ocrx_word' id='word_1_40' title='bbox 1118 846 1260 932; x_wconf 91' lang='lat' dir='ltr'><strong>inierint,</strong></span> 
     </span>
     <span class='ocr_line' id='line_1_6' title="bbox 149 958 1259 1061; baseline -0.004 -22"><span class='ocrx_word' id='word_1_41' title='bbox 149 964 258 1039; x_wconf 86' lang='lat' dir='ltr'><strong>iorma</strong></span> <span class='ocrx_word' id='word_1_42' title='bbox 278 962 451 1038; x_wconf 76' lang='lat' dir='ltr'><strong>tridentini</strong></span> <span class='ocrx_word' id='word_1_43' title='bbox 479 988 545 1036; x_wconf 93' lang='lat' dir='ltr'><strong>non</strong></span> <span class='ocrx_word' id='word_1_44' title='bbox 571 977 725 1048; x_wconf 89' lang='lat' dir='ltr'><strong>servata,</strong></span> <span class='ocrx_word' id='word_1_45' title='bbox 754 959 968 1061; x_wconf 78' lang='lat' dir='ltr'><strong>subindeque</strong></span> <span class='ocrx_word' id='word_1_46' title='bbox 990 960 1036 1034; x_wconf 87' lang='lat' dir='ltr'><strong>ad</strong></span> <span class='ocrx_word' id='word_1_47' title='bbox 1061 958 1259 1036; x_wconf 84' lang='lat' dir='ltr'><strong>catholicam</strong></span> 
     </span>
     <span class='ocr_line' id='line_1_7' title="bbox 150 1076 1259 1178; baseline -0.005 -24"><span class='ocrx_word' id='word_1_48' title='bbox 150 1079 346 1178; x_wconf 80' lang='lat' dir='ltr'><strong>religionem</strong></span> <span class='ocrx_word' id='word_1_49' title='bbox 370 1077 547 1165; x_wconf 88' lang='lat' dir='ltr'><strong>conversi,</strong></span> <span class='ocrx_word' id='word_1_50' title='bbox 569 1076 659 1151; x_wconf 90' lang='lat' dir='ltr'><strong>bona</strong></span> <span class='ocrx_word' id='word_1_51' title='bbox 680 1076 747 1150; x_wconf 89' lang='lat' dir='ltr'><strong>lide</strong></span> <span class='ocrx_word' id='word_1_52' title='bbox 768 1077 804 1149; x_wconf 90' lang='lat' dir='ltr'><strong>in</strong></span> <span class='ocrx_word' id='word_1_53' title='bbox 821 1103 862 1151; x_wconf 94' lang='lat' dir='ltr'><strong>eo</strong></span> <span class='ocrx_word' id='word_1_54' title='bbox 878 1090 1116 1176; x_wconf 76' lang='lat' dir='ltr'><strong>perseverant,</strong></span> <span class='ocrx_word' id='word_1_55' title='bbox 1137 1102 1259 1177; x_wconf 83' lang='lat' dir='ltr'><strong>suuqm</strong></span> 
     </span>
     <span class='ocr_line' id='line_1_8' title="bbox 149 1191 1259 1293; baseline -0.002 -23"><span class='ocrx_word' id='word_1_56' title='bbox 149 1193 307 1291; x_wconf 89' lang='lat' dir='ltr'><strong>coniugio</strong></span> <span class='ocrx_word' id='word_1_57' title='bbox 327 1193 532 1280; x_wconf 88' lang='lat' dir='ltr'><strong>adbaerent,</strong></span> <span class='ocrx_word' id='word_1_58' title='bbox 557 1192 768 1293; x_wconf 88' lang='lat' dir='ltr'><strong>relinquendi</strong></span> <span class='ocrx_word' id='word_1_59' title='bbox 787 1193 900 1292; x_wconf 90' lang='lat' dir='ltr'><strong>potius</strong></span> <span class='ocrx_word' id='word_1_60' title='bbox 916 1191 1076 1266; x_wconf 90' lang='lat' dir='ltr'><strong>videntur</strong></span> <span class='ocrx_word' id='word_1_61' title='bbox 1093 1192 1132 1265; x_wconf 91' lang='lat' dir='ltr'><strong>in</strong></span> <span class='ocrx_word' id='word_1_62' title='bbox 1148 1192 1259 1268; x_wconf 85' lang='lat' dir='ltr'><strong>eadem</strong></span> 
     </span>
     <span class='ocr_line' id='line_1_9' title="bbox 149 1306 1258 1408; baseline 0 -25"><span class='ocrx_word' id='word_1_63' title='bbox 149 1307 240 1383; x_wconf 91' lang='lat' dir='ltr'><strong>bona</strong></span> <span class='ocrx_word' id='word_1_64' title='bbox 264 1308 352 1395; x_wconf 87' lang='lat' dir='ltr'><strong>fide,</strong></span> <span class='ocrx_word' id='word_1_65' title='bbox 385 1331 487 1408; x_wconf 87' lang='lat' dir='ltr'><strong>quam</strong></span> <span class='ocrx_word' id='word_1_66' title='bbox 518 1307 561 1380; x_wconf 94' lang='lat' dir='ltr'><strong>de</strong></span> <span class='ocrx_word' id='word_1_67' title='bbox 592 1307 746 1381; x_wconf 74' lang='lat' dir='ltr'><strong>nullitate</strong></span> <span class='ocrx_word' id='word_1_68' title='bbox 775 1307 952 1396; x_wconf 92' lang='lat' dir='ltr'><strong>monendi,</strong></span> <span class='ocrx_word' id='word_1_69' title='bbox 981 1332 1024 1381; x_wconf 92' lang='lat' dir='ltr'><strong>ne</strong></span> <span class='ocrx_word' id='word_1_70' title='bbox 1049 1306 1158 1398; x_wconf 89' lang='lat' dir='ltr'><strong>alias,</strong></span> <span class='ocrx_word' id='word_1_71' title='bbox 1189 1334 1258 1383; x_wconf 88' lang='lat' dir='ltr'><strong>cum</strong></span> 
     </span>
     <span class='ocr_line' id='line_1_10' title="bbox 148 1421 1257 1523; baseline 0.001 -25"><span class='ocrx_word' id='word_1_72' title='bbox 148 1421 255 1498; x_wconf 89' lang='lat' dir='ltr'><strong>velint</strong></span> <span class='ocrx_word' id='word_1_73' title='bbox 278 1422 545 1509; x_wconf 81' lang='lat' dir='ltr'><strong>matrimonium,</strong></span> <span class='ocrx_word' id='word_1_74' title='bbox 582 1437 739 1496; x_wconf 89' lang='lat' dir='ltr'><strong>renovato</strong></span> <span class='ocrx_word' id='word_1_75' title='bbox 765 1447 935 1496; x_wconf 90' lang='lat' dir='ltr'><strong>consensu</strong></span> <span class='ocrx_word' id='word_1_76' title='bbox 967 1446 1083 1496; x_wconf 90' lang='lat' dir='ltr'><strong>coram</strong></span> <span class='ocrx_word' id='word_1_77' title='bbox 1115 1423 1257 1523; x_wconf 89' lang='lat' dir='ltr'><strong>pamebo</strong></span> 
     </span>
     <span class='ocr_line' id='line_1_11' title="bbox 149 1536 1255 1639; baseline -0.002 -26"><span class='ocrx_word' id='word_1_78' title='bbox 149 1537 316 1613; x_wconf 90' lang='lat' dir='ltr'><strong>catholico</strong></span> <span class='ocrx_word' id='word_1_79' title='bbox 341 1536 575 1625; x_wconf 89' lang='lat' dir='ltr'><strong>convalidare,</strong></span> <span class='ocrx_word' id='word_1_80' title='bbox 597 1537 752 1637; x_wconf 83' lang='lat' dir='ltr'><strong>plurimis</strong></span> <span class='ocrx_word' id='word_1_81' title='bbox 778 1536 937 1635; x_wconf 86' lang='lat' dir='ltr'><strong>gravibus</strong></span> <span class='ocrx_word' id='word_1_82' title='bbox 962 1536 1193 1613; x_wconf 87' lang='lat' dir='ltr'><strong>subiiciantur</strong></span> <span class='ocrx_word' id='word_1_83' title='bbox 1206 1564 1255 1639; x_wconf 88' lang='lat' dir='ltr'><strong>pc-</strong></span> 
     </span>
     <span class='ocr_line' id='line_1_12' title="bbox 150 1650 1255 1754; baseline 0.004 -29"><span class='ocrx_word' id='word_1_84' title='bbox 150 1651 283 1740; x_wconf 90' lang='lat' dir='ltr'><strong>riculis,</strong></span> <span class='ocrx_word' id='word_1_85' title='bbox 310 1679 399 1752; x_wconf 91' lang='lat' dir='ltr'><strong>quae</strong></span> <span class='ocrx_word' id='word_1_86' title='bbox 424 1652 523 1727; x_wconf 88' lang='lat' dir='ltr'><strong>laoile</strong></span> <span class='ocrx_word' id='word_1_87' title='bbox 547 1651 614 1725; x_wconf 91' lang='lat' dir='ltr'><strong>sibi</strong></span> <span class='ocrx_word' id='word_1_88' title='bbox 639 1651 872 1752; x_wconf 78' lang='lat' dir='ltr'><strong>impenderent</strong></span> <span class='ocrx_word' id='word_1_89' title='bbox 889 1650 933 1726; x_wconf 98' lang='lat' dir='ltr'><strong>ob</strong></span> <span class='ocrx_word' id='word_1_90' title='bbox 952 1652 1070 1726; x_wconf 92' lang='lat' dir='ltr'><strong>odium</strong></span> <span class='ocrx_word' id='word_1_91' title='bbox 1094 1669 1132 1728; x_wconf 94' lang='lat' dir='ltr'><strong>et</strong></span> <span class='ocrx_word' id='word_1_92' title='bbox 1155 1679 1255 1754; x_wconf 81' lang='lat' dir='ltr'><strong>perse</strong></span> 
     </span>
     <span class='ocr_line' id='line_1_13' title="bbox 150 1766 1254 1868; baseline 0.001 -26"><span class='ocrx_word' id='word_1_93' title='bbox 150 1768 319 1843; x_wconf 86' lang='lat' dir='ltr'><strong>cntionem</strong></span> <span class='ocrx_word' id='word_1_94' title='bbox 345 1767 511 1868; x_wconf 90' lang='lat' dir='ltr'><strong>principis</strong></span> <span class='ocrx_word' id='word_1_95' title='bbox 529 1794 590 1842; x_wconf 90' lang='lat' dir='ltr'><strong>seu</strong></span> <span class='ocrx_word' id='word_1_96' title='bbox 607 1766 824 1865; x_wconf 80' lang='lat' dir='ltr'><strong>magistratus</strong></span> <span class='ocrx_word' id='word_1_97' title='bbox 842 1766 1019 1841; x_wconf 77' lang='lat' dir='ltr'><strong>acatholici</strong></span> <span class='ocrx_word' id='word_1_98' title='bbox 1038 1795 1143 1868; x_wconf 91' lang='lat' dir='ltr'><strong>aegre</strong></span> <span class='ocrx_word' id='word_1_99' title='bbox 1158 1769 1254 1844; x_wconf 82' lang='lat' dir='ltr'><strong>seren·</strong></span> 
     </span>
     <span class='ocr_line' id='line_1_14' title="bbox 150 1882 1254 1960; baseline 0.001 -3"><span class='ocrx_word' id='word_1_100' title='bbox 150 1883 196 1958; x_wconf 92' lang='lat' dir='ltr'><strong>tis</strong></span> <span class='ocrx_word' id='word_1_101' title='bbox 216 1883 423 1959; x_wconf 80' lang='lat' dir='ltr'><strong>validitatem</strong></span> <span class='ocrx_word' id='word_1_102' title='bbox 449 1882 651 1957; x_wconf 86' lang='lat' dir='ltr'><strong>matrimonii</strong></span> <span class='ocrx_word' id='word_1_103' title='bbox 681 1907 793 1956; x_wconf 93' lang='lat' dir='ltr'><strong>coram</strong></span> <span class='ocrx_word' id='word_1_104' title='bbox 819 1882 972 1957; x_wconf 90' lang='lat' dir='ltr'><strong>ministro</strong></span> <span class='ocrx_word' id='word_1_105' title='bbox 994 1882 1168 1960; x_wconf 88' lang='lat' dir='ltr'><strong>haeretico</strong></span> <span class='ocrx_word' id='word_1_106' title='bbox 1190 1884 1254 1958; x_wconf 89' lang='lat' dir='ltr'><strong>initi</strong></span> 
     </span>
     <span class='ocr_line' id='line_1_15' title="bbox 149 1996 1252 2087; baseline 0.003 -15"><span class='ocrx_word' id='word_1_107' title='bbox 149 1999 186 2072; x_wconf 93' lang='lat' dir='ltr'><strong>in</strong></span> <span class='ocrx_word' id='word_1_108' title='bbox 203 1996 346 2072; x_wconf 89' lang='lat' dir='ltr'><strong>dubium</strong></span> <span class='ocrx_word' id='word_1_109' title='bbox 367 1998 552 2087; x_wconf 62' lang='lat' dir='ltr'><strong>revocari»</strong></span> <span class='ocrx_word' id='word_1_110' title='bbox 563 1998 686 2071; x_wconf 90' lang='lat' dir='ltr'><strong>deiude</strong></span> <span class='ocrx_word' id='word_1_111' title='bbox 701 1998 815 2072; x_wconf 88' lang='lat' dir='ltr'><strong>emisit</strong></span> <span class='ocrx_word' id='word_1_112' title='bbox 830 1998 1020 2072; x_wconf 88' lang='lat' dir='ltr'><strong>decretum:</strong></span> <span class='ocrx_word' id='word_1_113' title='bbox 1041 1998 1094 2072; x_wconf 77' lang='lat' dir='ltr'><strong>Ad</strong></span> <span class='ocrx_word' id='word_1_114' title='bbox 1105 2015 1252 2086; x_wconf 62' lang='lat' dir='ltr'><strong>meatem</strong></span> 
     </span>
     <span class='ocr_line' id='line_1_16' title="bbox 148 2112 1254 2213; baseline 0.001 -26"><span class='ocrx_word' id='word_1_115' title='bbox 148 2139 245 2187; x_wconf 91' lang='lat' dir='ltr'><strong>mens</strong></span> <span class='ocrx_word' id='word_1_116' title='bbox 263 2129 373 2186; x_wconf 89' lang='lat' dir='ltr'><strong>autom</strong></span> <span class='ocrx_word' id='word_1_117' title='bbox 395 2112 474 2187; x_wconf 78' lang='lat' dir='ltr'><strong>tuit:</strong></span> <span class='ocrx_word' id='word_1_118' title='bbox 498 2112 573 2185; x_wconf 76' lang='lat' dir='ltr'><strong>«Ut</strong></span> <span class='ocrx_word' id='word_1_119' title='bbox 600 2112 801 2187; x_wconf 89' lang='lat' dir='ltr'><strong>rescribatur</strong></span> <span class='ocrx_word' id='word_1_120' title='bbox 824 2112 1003 2213; x_wconf 88' lang='lat' dir='ltr'><strong>episcopo,</strong></span> <span class='ocrx_word' id='word_1_121' title='bbox 1032 2114 1197 2213; x_wconf 88' lang='lat' dir='ltr'><strong>coniuges</strong></span> <span class='ocrx_word' id='word_1_122' title='bbox 1218 2114 1254 2188; x_wconf 87' lang='lat' dir='ltr'><strong>de</strong></span> 
     </span>
     <span class='ocr_line' id='line_1_17' title="bbox 147 2227 1254 2305; baseline -0.002 -1"><span class='ocrx_word' id='word_1_123' title='bbox 147 2227 321 2304; x_wconf 77' lang='lat' dir='ltr'><strong>validitate</strong></span> <span class='ocrx_word' id='word_1_124' title='bbox 337 2227 540 2302; x_wconf 92' lang='lat' dir='ltr'><strong>matrimonii</strong></span> <span class='ocrx_word' id='word_1_125' title='bbox 555 2254 621 2303; x_wconf 92' lang='lat' dir='ltr'><strong>non</strong></span> <span class='ocrx_word' id='word_1_126' title='bbox 637 2228 829 2302; x_wconf 89' lang='lat' dir='ltr'><strong>dubitantes</strong></span> <span class='ocrx_word' id='word_1_127' title='bbox 842 2229 877 2301; x_wconf 93' lang='lat' dir='ltr'><strong>in</strong></span> <span class='ocrx_word' id='word_1_128' title='bbox 889 2227 979 2302; x_wconf 93' lang='lat' dir='ltr'><strong>bona</strong></span> <span class='ocrx_word' id='word_1_129' title='bbox 992 2228 1062 2302; x_wconf 88' lang='lat' dir='ltr'><strong>fide</strong></span> <span class='ocrx_word' id='word_1_130' title='bbox 1073 2254 1154 2305; x_wconf 88' lang='lat' dir='ltr'><strong>esse</strong></span> <span class='ocrx_word' id='word_1_131' title='bbox 1166 2230 1254 2305; x_wconf 87' lang='lat' dir='ltr'><strong>relin-</strong></span> 
     </span>
     <span class='ocr_line' id='line_1_18' title="bbox 148 2343 1253 2444; baseline 0.005 -26"><span class='ocrx_word' id='word_1_132' title='bbox 148 2343 320 2444; x_wconf 89' lang='lat' dir='ltr'><strong>quendos,</strong></span> <span class='ocrx_word' id='word_1_133' title='bbox 349 2369 459 2443; x_wconf 88' lang='lat' dir='ltr'><strong>neque</strong></span> <span class='ocrx_word' id='word_1_134' title='bbox 477 2369 498 2417; x_wconf 96' lang='lat' dir='ltr'><strong>a</strong></span> <span class='ocrx_word' id='word_1_135' title='bbox 515 2360 799 2418; x_wconf 90' lang='lat' dir='ltr'><strong>sacramentorum</strong></span> <span class='ocrx_word' id='word_1_136' title='bbox 825 2344 1081 2444; x_wconf 82' lang='lat' dir='ltr'><strong>participatione</strong></span> <span class='ocrx_word' id='word_1_137' title='bbox 1099 2346 1253 2423; x_wconf 82' lang='lat' dir='ltr'><strong>arcendos</strong></span> 
     </span>
     <span class='ocr_line' id='line_1_19' title="bbox 149 2457 1252 2563; baseline 0.005 -31"><span class='ocrx_word' id='word_1_138' title='bbox 149 2459 236 2533; x_wconf 85' lang='lat' dir='ltr'><strong>sore:</strong></span> <span class='ocrx_word' id='word_1_139' title='bbox 265 2457 453 2558; x_wconf 90' lang='lat' dir='ltr'><strong>peculiares</strong></span> <span class='ocrx_word' id='word_1_140' title='bbox 470 2484 550 2532; x_wconf 91' lang='lat' dir='ltr'><strong>vero</strong></span> <span class='ocrx_word' id='word_1_141' title='bbox 574 2483 673 2532; x_wconf 89' lang='lat' dir='ltr'><strong>casus</strong></span> <span class='ocrx_word' id='word_1_142' title='bbox 693 2475 726 2532; x_wconf 92' lang='lat' dir='ltr'><strong>et</strong></span> <span class='ocrx_word' id='word_1_143' title='bbox 742 2458 1013 2534; x_wconf 86' lang='lat' dir='ltr'><strong>circumstantias</strong></span> <span class='ocrx_word' id='word_1_144' title='bbox 1039 2484 1177 2548; x_wconf 90' lang='lat' dir='ltr'><strong>eorum,</strong></span> <span class='ocrx_word' id='word_1_145' title='bbox 1201 2460 1252 2563; x_wconf 87' lang='lat' dir='ltr'><strong>qui</strong></span> 
     </span>
    </p>
   </div>
   <div class='ocr_carea' id='block_1_3' title="bbox 46 2571 1255 3343">
    <p class='ocr_par' dir='ltr' id='par_1_3' title="bbox 46 2571 1252 2788">
     <span class='ocr_line' id='line_1_20' title="bbox 46 2571 1252 2675; baseline 0.004 -29"><span class='ocrx_word' id='word_1_146' title='bbox 46 2601 51 2612; x_wconf 93' lang='lat'>·</span> <span class='ocrx_word' id='word_1_147' title='bbox 149 2571 319 2671; x_wconf 85' lang='lat' dir='ltr'><strong>scrupulis</strong></span> <span class='ocrx_word' id='word_1_148' title='bbox 346 2573 593 2671; x_wconf 89' lang='lat' dir='ltr'><strong>superborum</strong></span> <span class='ocrx_word' id='word_1_149' title='bbox 624 2573 909 2646; x_wconf 89' lang='lat' dir='ltr'><strong>matrimoniorum</strong></span> <span class='ocrx_word' id='word_1_150' title='bbox 933 2571 1111 2649; x_wconf 84' lang='lat' dir='ltr'><strong>validitate</strong></span> <span class='ocrx_word' id='word_1_151' title='bbox 1139 2602 1252 2675; x_wconf 76' lang='lat' dir='ltr'><strong>augum</strong></span> 
     </span>
     <span class='ocr_line' id='line_1_21' title="bbox 147 2686 1152 2788; baseline 0.001 -29"><span class='ocrx_word' id='word_1_152' title='bbox 147 2701 219 2771; x_wconf 88' lang='lat' dir='ltr'><strong>tur,</strong></span> <span class='ocrx_word' id='word_1_153' title='bbox 243 2701 396 2785; x_wconf 90' lang='lat' dir='ltr'><strong>oportere</strong></span> <span class='ocrx_word' id='word_1_154' title='bbox 413 2686 591 2760; x_wconf 91' lang='lat' dir='ltr'><strong>abeodem</strong></span> <span class='ocrx_word' id='word_1_155' title='bbox 609 2688 767 2787; x_wconf 90' lang='lat' dir='ltr'><strong>episcopo</strong></span> <span class='ocrx_word' id='word_1_156' title='bbox 784 2687 969 2761; x_wconf 89' lang='lat' dir='ltr'><strong>distinctim</strong></span> <span class='ocrx_word' id='word_1_157' title='bbox 987 2691 1152 2788; x_wconf 80' lang='lat' dir='ltr'><strong>exponi.»</strong></span> 
     </span>
    </p>

    <p class='ocr_par' dir='ltr' id='par_1_4' title="bbox 145 2801 1255 3343">
     <span class='ocr_line' id='line_1_22' title="bbox 219 2801 1254 2904; baseline 0.006 -31"><span class='ocrx_word' id='word_1_158' title='bbox 219 2801 286 2874; x_wconf 87' lang='lat' dir='ltr'><strong>Sed</strong></span> <span class='ocrx_word' id='word_1_159' title='bbox 313 2803 394 2902; x_wconf 91' lang='lat' dir='ltr'><strong>quid</strong></span> <span class='ocrx_word' id='word_1_160' title='bbox 425 2803 455 2874; x_wconf 93' lang='lat' dir='ltr'><strong>si</strong></span> <span class='ocrx_word' id='word_1_161' title='bbox 481 2820 635 2901; x_wconf 82' lang='lat' dir='ltr'><strong>ageretur</strong></span> <span class='ocrx_word' id='word_1_162' title='bbox 659 2803 701 2875; x_wconf 90' lang='lat' dir='ltr'><strong>de</strong></span> <span class='ocrx_word' id='word_1_163' title='bbox 726 2829 790 2890; x_wconf 92' lang='lat' dir='ltr'><strong>eo,</strong></span> <span class='ocrx_word' id='word_1_164' title='bbox 819 2803 877 2904; x_wconf 89' lang='lat' dir='ltr'><strong>qui</strong></span> <span class='ocrx_word' id='word_1_165' title='bbox 903 2829 1088 2879; x_wconf 87' lang='lat' dir='ltr'><strong>conversus</strong></span> <span class='ocrx_word' id='word_1_166' title='bbox 1120 2824 1195 2894; x_wconf 91' lang='lat' dir='ltr'><strong>est,</strong></span> <span class='ocrx_word' id='word_1_167' title='bbox 1219 2831 1254 2880; x_wconf 89' lang='lat' dir='ltr'><strong>ac</strong></span> 
     </span>
     <span class='ocr_line' id='line_1_23' title="bbox 146 2914 1255 3016; baseline 0.005 -28"><span class='ocrx_word' id='word_1_168' title='bbox 146 2914 316 2989; x_wconf 90' lang='lat' dir='ltr'><strong>dubitaret</strong></span> <span class='ocrx_word' id='word_1_169' title='bbox 334 2915 377 2989; x_wconf 94' lang='lat' dir='ltr'><strong>de</strong></span> <span class='ocrx_word' id='word_1_170' title='bbox 395 2916 509 2991; x_wconf 88' lang='lat' dir='ltr'><strong>valore</strong></span> <span class='ocrx_word' id='word_1_171' title='bbox 527 2920 579 2991; x_wconf 90' lang='lat' dir='ltr'><strong>sui</strong></span> <span class='ocrx_word' id='word_1_172' title='bbox 598 2934 697 2992; x_wconf 88' lang='lat' dir='ltr'><strong>antea</strong></span> <span class='ocrx_word' id='word_1_173' title='bbox 719 2918 793 2991; x_wconf 91' lang='lat' dir='ltr'><strong>initi</strong></span> <span class='ocrx_word' id='word_1_174' title='bbox 812 2918 987 3016; x_wconf 80' lang='lat' dir='ltr'><strong>coniugii?</strong></span> <span class='ocrx_word' id='word_1_175' title='bbox 1003 2921 1097 2994; x_wconf 86' lang='lat' dir='ltr'><strong>Haec</strong></span> <span class='ocrx_word' id='word_1_176' title='bbox 1119 2922 1255 2997; x_wconf 80' lang='lat' dir='ltr'><strong>occumit</strong></span> 
     </span>
     <span class='ocr_line' id='line_1_24' title="bbox 147 3031 1254 3139; baseline 0.006 -36"><span class='ocrx_word' id='word_1_177' title='bbox 147 3031 182 3104; x_wconf 93' lang='lat' dir='ltr'><strong>in</strong></span> <span class='ocrx_word' id='word_1_178' title='bbox 196 3034 252 3106; x_wconf 87' lang='lat' dir='ltr'><strong>cit.</strong></span> <span class='ocrx_word' id='word_1_179' title='bbox 269 3057 372 3106; x_wconf 91' lang='lat' dir='ltr'><strong>causa</strong></span> <span class='ocrx_word' id='word_1_180' title='bbox 384 3033 515 3131; x_wconf 81' lang='lat' dir='ltr'><strong>Ipreosi</strong></span> <span class='ocrx_word' id='word_1_181' title='bbox 524 3035 560 3132; x_wconf 75' lang='lat'><strong>§.</strong></span> <span class='ocrx_word' id='word_1_182' title='bbox 575 3035 734 3134; x_wconf 65' lang='lat' dir='ltr'><strong>Coniuges</strong></span> <span class='ocrx_word' id='word_1_183' title='bbox 751 3035 999 3109; x_wconf 90' lang='lat' dir='ltr'><strong>animadversio</strong></span> <span class='ocrx_word' id='word_1_184' title='bbox 1011 3036 1088 3110; x_wconf 89' lang='lat' dir='ltr'><strong>eius</strong></span> <span class='ocrx_word' id='word_1_185' title='bbox 1106 3039 1167 3139; x_wconf 94' lang='lat' dir='ltr'><strong>qui</strong></span> <span class='ocrx_word' id='word_1_186' title='bbox 1185 3055 1254 3113; x_wconf 86' lang='lat' dir='ltr'><strong>tunc</strong></span> 
     </span>
     <span class='ocr_line' id='line_1_25' title="bbox 145 3147 1252 3246; baseline 0.004 -24"><span class='ocrx_word' id='word_1_187' title='bbox 145 3147 307 3246; x_wconf 88' lang='lat' dir='ltr'><strong>temporie</strong></span> <span class='ocrx_word' id='word_1_188' title='bbox 328 3162 399 3221; x_wconf 92' lang='lat' dir='ltr'><strong>erat</strong></span> <span class='ocrx_word' id='word_1_189' title='bbox 415 3175 436 3221; x_wconf 92' lang='lat' dir='ltr'><strong>a</strong></span> <span class='ocrx_word' id='word_1_190' title='bbox 454 3149 604 3223; x_wconf 90' lang='lat' dir='ltr'><strong>secretis.</strong></span> <span class='ocrx_word' id='word_1_191' title='bbox 631 3151 796 3223; x_wconf 72' lang='lat' dir='ltr'><strong>«Recens</strong></span> <span class='ocrx_word' id='word_1_192' title='bbox 826 3150 870 3223; x_wconf 91' lang='lat' dir='ltr'><strong>ad</strong></span> <span class='ocrx_word' id='word_1_193' title='bbox 901 3150 1000 3223; x_wconf 87' lang='lat' dir='ltr'><strong>fidem</strong></span> <span class='ocrx_word' id='word_1_194' title='bbox 1026 3154 1201 3242; x_wconf 88' lang='lat' dir='ltr'><strong>conversi,</strong></span> <span class='ocrx_word' id='word_1_195' title='bbox 1227 3152 1252 3226; x_wconf 86' lang='lat' dir='ltr'><strong>si</strong></span> 
     </span>
     <span class='ocr_line' id='line_1_26' title="bbox 145 3262 1253 3343; baseline 0.006 -7"><span class='ocrx_word' id='word_1_196' title='bbox 145 3262 339 3337; x_wconf 86' lang='lat' dir='ltr'><strong>dubitantes</strong></span> <span class='ocrx_word' id='word_1_197' title='bbox 356 3264 399 3336; x_wconf 90' lang='lat' dir='ltr'><strong>de</strong></span> <span class='ocrx_word' id='word_1_198' title='bbox 415 3263 529 3339; x_wconf 88' lang='lat' dir='ltr'><strong>valore</strong></span> <span class='ocrx_word' id='word_1_199' title='bbox 547 3264 750 3338; x_wconf 87' lang='lat' dir='ltr'><strong>matrimonii</strong></span> <span class='ocrx_word' id='word_1_200' title='bbox 769 3265 804 3337; x_wconf 94' lang='lat' dir='ltr'><strong>in</strong></span> <span class='ocrx_word' id='word_1_201' title='bbox 822 3265 954 3339; x_wconf 84' lang='lat' dir='ltr'><strong>haeresi</strong></span> <span class='ocrx_word' id='word_1_202' title='bbox 973 3291 1087 3341; x_wconf 85' lang='lat' dir='ltr'><strong>coram</strong></span> <span class='ocrx_word' id='word_1_203' title='bbox 1105 3270 1253 3343; x_wconf 89' lang='lat' dir='ltr'><strong>ministro</strong></span> 
     </span>
    </p>
   </div>
   <div class='ocr_carea' id='block_1_4' title="bbox 142 3375 1253 4408">
    <p class='ocr_par' dir='ltr' id='par_1_5' title="bbox 142 3375 1253 4408">
     <span class='ocr_line' id='line_1_27' title="bbox 143 3375 1253 3478; baseline 0.009 -30"><span class='ocrx_word' id='word_1_204' title='bbox 143 3375 312 3453; x_wconf 86' lang='lat' dir='ltr'><strong>haeretico</strong></span> <span class='ocrx_word' id='word_1_205' title='bbox 337 3379 522 3466; x_wconf 87' lang='lat' dir='ltr'><strong>contracti,</strong></span> <span class='ocrx_word' id='word_1_206' title='bbox 553 3395 705 3478; x_wconf 91' lang='lat' dir='ltr'><strong>pastores</strong></span> <span class='ocrx_word' id='word_1_207' title='bbox 736 3405 796 3453; x_wconf 89' lang='lat' dir='ltr'><strong>seu</strong></span> <span class='ocrx_word' id='word_1_208' title='bbox 823 3381 1049 3456; x_wconf 79' lang='lat' dir='ltr'><strong>confessarios</strong></span> <span class='ocrx_word' id='word_1_209' title='bbox 1076 3408 1161 3458; x_wconf 88' lang='lat' dir='ltr'><strong>suos</strong></span> <span class='ocrx_word' id='word_1_210' title='bbox 1185 3407 1253 3457; x_wconf 88' lang='lat' dir='ltr'><strong>con·</strong></span> 
     </span>
     <span class='ocr_line' id='line_1_28' title="bbox 143 3490 1252 3601; baseline 0.003 -35"><span class='ocrx_word' id='word_1_211' title='bbox 143 3490 277 3580; x_wconf 89' lang='lat' dir='ltr'><strong>sulant,</strong></span> <span class='ocrx_word' id='word_1_212' title='bbox 308 3520 387 3566; x_wconf 94' lang='lat' dir='ltr'><strong>num</strong></span> <span class='ocrx_word' id='word_1_213' title='bbox 412 3494 477 3566; x_wconf 93' lang='lat' dir='ltr'><strong>sibi</strong></span> <span class='ocrx_word' id='word_1_214' title='bbox 501 3493 629 3567; x_wconf 89' lang='lat' dir='ltr'><strong>licitum</strong></span> <span class='ocrx_word' id='word_1_215' title='bbox 650 3495 695 3568; x_wconf 89' lang='lat' dir='ltr'><strong>sit</strong></span> <span class='ocrx_word' id='word_1_216' title='bbox 716 3496 750 3566; x_wconf 92' lang='lat' dir='ltr'><strong>in</strong></span> <span class='ocrx_word' id='word_1_217' title='bbox 772 3522 812 3569; x_wconf 90' lang='lat' dir='ltr'><strong>eo</strong></span> <span class='ocrx_word' id='word_1_218' title='bbox 831 3497 989 3594; x_wconf 85' lang='lat' dir='ltr'><strong>coniugio</strong></span> <span class='ocrx_word' id='word_1_219' title='bbox 1009 3498 1061 3572; x_wconf 90' lang='lat' dir='ltr'><strong>sic</strong></span> <span class='ocrx_word' id='word_1_220' title='bbox 1080 3498 1165 3574; x_wconf 91' lang='lat' dir='ltr'><strong>inito</strong></span> <span class='ocrx_word' id='word_1_221' title='bbox 1184 3523 1252 3601; x_wconf 91' lang='lat' dir='ltr'><strong>per·</strong></span> 
     </span>
     <span class='ocr_line' id='line_1_29' title="bbox 142 3608 1251 3713; baseline 0.005 -34"><span class='ocrx_word' id='word_1_222' title='bbox 142 3631 298 3694; x_wconf 89' lang='lat' dir='ltr'><strong>manere;</strong></span> <span class='ocrx_word' id='word_1_223' title='bbox 319 3608 500 3682; x_wconf 89' lang='lat' dir='ltr'><strong>inducendi</strong></span> <span class='ocrx_word' id='word_1_224' title='bbox 519 3609 654 3682; x_wconf 91' lang='lat' dir='ltr'><strong>omnino</strong></span> <span class='ocrx_word' id='word_1_225' title='bbox 676 3625 774 3695; x_wconf 90' lang='lat' dir='ltr'><strong>sunt,</strong></span> <span class='ocrx_word' id='word_1_226' title='bbox 798 3627 835 3683; x_wconf 92' lang='lat' dir='ltr'><strong>ut</strong></span> <span class='ocrx_word' id='word_1_227' title='bbox 855 3627 952 3684; x_wconf 92' lang='lat' dir='ltr'><strong>caute</strong></span> <span class='ocrx_word' id='word_1_228' title='bbox 973 3638 1086 3685; x_wconf 90' lang='lat' dir='ltr'><strong>coram</strong></span> <span class='ocrx_word' id='word_1_229' title='bbox 1111 3612 1251 3713; x_wconf 85' lang='lat' dir='ltr'><strong>parocho</strong></span> 
     </span>
     <span class='ocr_line' id='line_1_30' title="bbox 142 3721 1250 3811; baseline 0.007 -16"><span class='ocrx_word' id='word_1_230' title='bbox 142 3721 307 3797; x_wconf 90' lang='lat' dir='ltr'><strong>catholieo</strong></span> <span class='ocrx_word' id='word_1_231' title='bbox 331 3748 533 3796; x_wconf 88' lang='lat' dir='ltr'><strong>consensum</strong></span> <span class='ocrx_word' id='word_1_232' title='bbox 555 3741 733 3811; x_wconf 87' lang='lat' dir='ltr'><strong>renovent,</strong></span> <span class='ocrx_word' id='word_1_233' title='bbox 756 3751 796 3797; x_wconf 87' lang='lat' dir='ltr'><strong>ac</strong></span> <span class='ocrx_word' id='word_1_234' title='bbox 818 3728 864 3798; x_wconf 90' lang='lat' dir='ltr'><strong>ita</strong></span> <span class='ocrx_word' id='word_1_235' title='bbox 888 3726 1143 3800; x_wconf 88' lang='lat' dir='ltr'><strong>matrimonium</strong></span> <span class='ocrx_word' id='word_1_236' title='bbox 1169 3752 1250 3802; x_wconf 84' lang='lat' dir='ltr'><strong>reve·</strong></span> 
     </span>
     <span class='ocr_line' id='line_1_31' title="bbox 142 3833 1251 3940; baseline 0.007 -35"><span class='ocrx_word' id='word_1_237' title='bbox 142 3833 257 3909; x_wconf 87' lang='lat' dir='ltr'><strong>lident.</strong></span> <span class='ocrx_word' id='word_1_238' title='bbox 281 3835 378 3926; x_wconf 84' lang='lat' dir='ltr'><strong>Quod</strong></span> <span class='ocrx_word' id='word_1_239' title='bbox 396 3836 424 3908; x_wconf 91' lang='lat' dir='ltr'><strong>si</strong></span> <span class='ocrx_word' id='word_1_240' title='bbox 444 3852 514 3909; x_wconf 92' lang='lat' dir='ltr'><strong>tuto</strong></span> <span class='ocrx_word' id='word_1_241' title='bbox 531 3852 563 3909; x_wconf 88' lang='lat' dir='ltr'><strong>et</strong></span> <span class='ocrx_word' id='word_1_242' title='bbox 580 3838 753 3911; x_wconf 88' lang='lat' dir='ltr'><strong>commode</strong></span> <span class='ocrx_word' id='word_1_243' title='bbox 771 3839 804 3910; x_wconf 95' lang='lat' dir='ltr'><strong>id</strong></span> <span class='ocrx_word' id='word_1_244' title='bbox 825 3839 896 3911; x_wconf 82' lang='lat' dir='ltr'><strong>lieri</strong></span> <span class='ocrx_word' id='word_1_245' title='bbox 924 3858 1092 3940; x_wconf 86' lang='lat' dir='ltr'><strong>nequeat,</strong></span> <span class='ocrx_word' id='word_1_246' title='bbox 1113 3868 1183 3918; x_wconf 91' lang='lat' dir='ltr'><strong>non</strong></span> <span class='ocrx_word' id='word_1_247' title='bbox 1199 3841 1251 3914; x_wconf 92' lang='lat' dir='ltr'><strong>de-</strong></span> 
     </span>
     <span class='ocr_line' id='line_1_32' title="bbox 143 3951 1248 4051; baseline 0.006 -27"><span class='ocrx_word' id='word_1_248' title='bbox 143 3968 221 4024; x_wconf 86' lang='lat' dir='ltr'><strong>sunt</strong></span> <span class='ocrx_word' id='word_1_249' title='bbox 237 3952 308 4022; x_wconf 80' lang='lat' dir='ltr'><strong>bt).</strong></span> <span class='ocrx_word' id='word_1_250' title='bbox 326 3951 383 4051; x_wconf 92' lang='lat' dir='ltr'><strong>qui</strong></span> <span class='ocrx_word' id='word_1_251' title='bbox 399 3967 517 4051; x_wconf 91' lang='lat' dir='ltr'><strong>putant</strong></span> <span class='ocrx_word' id='word_1_252' title='bbox 533 3952 583 4025; x_wconf 87' lang='lat' dir='ltr'><strong>cis</strong></span> <span class='ocrx_word' id='word_1_253' title='bbox 601 3952 700 4027; x_wconf 88' lang='lat' dir='ltr'><strong>licere</strong></span> <span class='ocrx_word' id='word_1_254' title='bbox 718 3954 752 4025; x_wconf 92' lang='lat' dir='ltr'><strong>in</strong></span> <span class='ocrx_word' id='word_1_255' title='bbox 771 3982 837 4028; x_wconf 88' lang='lat' dir='ltr'><strong>usu</strong></span> <span class='ocrx_word' id='word_1_256' title='bbox 855 3955 1059 4028; x_wconf 88' lang='lat' dir='ltr'><strong>matrimonii</strong></span> <span class='ocrx_word' id='word_1_257' title='bbox 1080 3957 1150 4030; x_wconf 87' lang='lat' dir='ltr'><strong>iam</strong></span> <span class='ocrx_word' id='word_1_258' title='bbox 1169 3956 1248 4042; x_wconf 87' lang='lat' dir='ltr'><strong>initi,</strong></span> 
     </span>
     <span class='ocr_line' id='line_1_33' title="bbox 142 4071 1252 4174; baseline 0.005 -34"><span class='ocrx_word' id='word_1_259' title='bbox 142 4091 209 4140; x_wconf 89' lang='lat' dir='ltr'><strong>non</strong></span> <span class='ocrx_word' id='word_1_260' title='bbox 235 4083 391 4140; x_wconf 86' lang='lat' dir='ltr'><strong>renovato</strong></span> <span class='ocrx_word' id='word_1_261' title='bbox 411 4094 578 4142; x_wconf 90' lang='lat' dir='ltr'><strong>consensu</strong></span> <span class='ocrx_word' id='word_1_262' title='bbox 596 4096 707 4143; x_wconf 88' lang='lat' dir='ltr'><strong>eoram</strong></span> <span class='ocrx_word' id='word_1_263' title='bbox 725 4071 872 4169; x_wconf 87' lang='lat' dir='ltr'><strong>parocho</strong></span> <span class='ocrx_word' id='word_1_264' title='bbox 889 4072 1078 4163; x_wconf 89' lang='lat' dir='ltr'><strong>catholico,</strong></span> <span class='ocrx_word' id='word_1_265' title='bbox 1100 4099 1252 4174; x_wconf 88' lang='lat' dir='ltr'><strong>perseve-</strong></span> 
     </span>
     <span class='ocr_line' id='line_1_34' title="bbox 142 4180 1252 4286; baseline 0.005 -30"><span class='ocrx_word' id='word_1_266' title='bbox 142 4206 228 4269; x_wconf 85' lang='lat' dir='ltr'><strong>rare,</strong></span> <span class='ocrx_word' id='word_1_267' title='bbox 240 4180 452 4271; x_wconf 87' lang='lat' dir='ltr'><strong>arbitrantes,</strong></span> <span class='ocrx_word' id='word_1_268' title='bbox 466 4183 554 4258; x_wconf 89' lang='lat' dir='ltr'><strong>hanc</strong></span> <span class='ocrx_word' id='word_1_269' title='bbox 571 4186 762 4283; x_wconf 86' lang='lat' dir='ltr'><strong>opinionem</strong></span> <span class='ocrx_word' id='word_1_270' title='bbox 776 4187 876 4260; x_wconf 90' lang='lat' dir='ltr'><strong>voluti</strong></span> <span class='ocrx_word' id='word_1_271' title='bbox 896 4187 1106 4286; x_wconf 86' lang='lat' dir='ltr'><strong>probabilem</strong></span> <span class='ocrx_word' id='word_1_272' title='bbox 1125 4187 1252 4267; x_wconf 86' lang='lat' dir='ltr'><strong>admitti</strong></span> 
     </span>
     <span class='ocr_line' id='line_1_35' title="bbox 142 4298 1251 4408; baseline 0.012 -37"><span class='ocrx_word' id='word_1_273' title='bbox 142 4321 261 4400; x_wconf 90' lang='lat' dir='ltr'><strong>posse,</strong></span> <span class='ocrx_word' id='word_1_274' title='bbox 290 4322 356 4372; x_wconf 91' lang='lat' dir='ltr'><strong>non</strong></span> <span class='ocrx_word' id='word_1_275' title='bbox 382 4298 536 4375; x_wconf 87' lang='lat' dir='ltr'><strong>obstante</strong></span> <span class='ocrx_word' id='word_1_276' title='bbox 557 4327 652 4402; x_wconf 87' lang='lat' dir='ltr'><strong>prop.</strong></span> <span class='ocrx_word' id='word_1_277' title='bbox 670 4300 713 4374; x_wconf 89' lang='lat' dir='ltr'><strong>ab</strong></span> <span class='ocrx_word' id='word_1_278' title='bbox 737 4302 929 4377; x_wconf 88' lang='lat' dir='ltr'><strong>lnnoccntio</strong></span> <span class='ocrx_word' id='word_1_279' title='bbox 954 4304 1012 4376; x_wconf 89' lang='lat' dir='ltr'><strong>lll.</strong></span> <span class='ocrx_word' id='word_1_280' title='bbox 1035 4307 1251 4408; x_wconf 72' lang='lat' dir='ltr'><strong>proscripta,</strong></span> 
     </span>
    </p>
   </div>
   <div class='ocr_carea' id='block_1_5' title="bbox 0 0 1406 5062">
    <p class='ocr_par' dir='ltr' id='par_1_6' title="bbox 0 0 1406 5062">
     <span class='ocr_line' id='line_1_36' title="bbox 0 0 1406 5062; baseline 0 3"><span class='ocrx_word' id='word_1_281' title='bbox 0 0 1406 5062; x_wconf 95' lang='lat' dir='ltr'><strong> </strong></span> 
     </span>
    </p>
   </div>
  </div>
 </body>
</html>
