2804 5062
144 332 212 403 tto
383 355 445 405 ιιι.
466 355 501 405 ιι.
522 355 609 407 saer.
629 357 654 404 ι.
675 356 714 406 ιι
731 355 857 407 ruant.
879 357 1009 409 ιιιιιι,

141 496 210 570 qna
234 469 273 544 bt
303 485 340 544 ut
365 470 507 546 subesse
530 471 677 548 debeant
701 475 904 574 apostolieae
935 477 1029 555 tedis
1061 478 1256 554 antarbot

140 584 391 661 venerabilibus
408 612 574 662 canonum
592 589 756 690 decretis,
774 590 808 663 in
825 592 962 690 quaesi
979 593 1059 693 quis
1076 595 1256 670 commise-

143 701 199 787 rit,
225 701 357 776 veniam
383 702 449 777 sihi
475 702 637 803 deinceps
654 705 782 780 noverit
804 706 975 805 denegari.
1004 710 1122 808 Neque
1142 711 1256 785 minut

142 834 268 893 certum
285 818 410 893 idcireo
425 819 489 892 erit
506 875 513 903 ,
534 820 687 893 eamdem
704 823 940 922 episcoporum
962 825 1193 898 auctoritatam
1211 823 1256 899 eh

143 933 200 1007 illa
226 933 398 1034 superiore
422 934 551 1009 ordinis
569 934 769 1010 hierarchici
789 954 952 1036 potestate
978 939 1064 1012 intra
1087 942 1254 1040 qraosdam

142 1047 266 1122 limites
295 1048 384 1122 circe
413 1076 513 1123 usum
546 1067 580 1124 et
608 1052 802 1126 exercitium
831 1054 995 1152 restringi
1023 1072 1059 1127 et
1077 1056 1254 1131 'mutinen'

144 1189 255 1264 posse
284 1163 456 1240 Omnino
447 1167 552 1264 igitur
571 1168 733 1241 sustineri
752 1185 907 1242 neutrum
924 1187 1052 1270 potest,
1071 1171 1125 1246 vel
1147 1171 1252 1246 mole

144 1278 232 1352 siam
249 1278 323 1353 iure
346 1281 480 1379 proprio
497 1308 563 1356 non
584 1281 710 1356 habere
727 1299 922 1381 potestatem
946 1284 1201 1359 consutuendi
1191 1296 1255 1359 ιιι-

144 1380 334 1521 pedimente
359 1394 571 1482 dirimentia,
597 1395 649 1469 val
672 1397 908 1497 episcoporum
940 1398 1126 1497 quemlihet
1148 1398 1252 1500 possa

91 1536 92 1540 ¹
145 1507 337 1607 impositum
366 1508 410 1583 ab
439 1508 581 1584 ecclesia
612 1510 779 1585 catholica
812 1511 897 1609 legis
925 1512 1095 1586 uinculum
1129 1512 1256 1588 disent

144 1647 221 1695 uere
241 1625 359 1718 (55).»
380 1623 549 1698 Hactenus
568 1625 647 1698 Pius
664 1627 717 1699 vl.
739 1625 837 1699 cuins
855 1625 1060 1701 verbanden
1076 1629 1256 1728 perspicae

143 1755 243 1825 sunt,
270 1754 308 1811 ut
324 1740 562 1814 commentario
580 1766 646 1814 uon
646 1758 798 1839 egeant.

206 1853 352 1929 Tertium
369 1854 606 1930 documentum
625 1856 723 1930 nobis
742 1856 878 1931 exhibet
895 1857 985 1930 idem
1001 1882 1159 1931 summus
1176 1882 1256 1958 pen-

145 1969 224 2043 tilex
245 1969 327 2043 Pius
344 1968 397 2042 Vl.
419 1970 454 2043 in
470 1969 591 2046 littaris
609 1971 699 2046 datis
717 1972 761 2045 ad
779 1973 1075 2072 archiepiscopum
1092 1972 1256 2048 coloniu-

147 2110 217 2156 sem
239 2100 272 2157 et
297 2085 493 2184 episcopum
518 2085 814 2159 monasteriensem
833 2113 888 2159 an.
912 2088 1019 2158 ttut.
1038 2087 1169 2185 quibne
1184 2090 1256 2186 pro·

146 2198 238 2277 bavit
265 2199 470 2299 encyclicam
500 2225 602 2298 qnam
630 2199 774 2275 nuncius
800 2200 1006 2299 apostolicus
1038 2201 1082 2273 ad
1115 2216 1256 2274 tractum

146 2314 254 2389 Rheni
271 2315 545 2391 Bartholomaeus
565 2318 671 2391 Pacca
697 2317 820 2390 summi
845 2317 1013 2416 pontilicis
1039 2317 1138 2393 iussu
1164 2340 1256 2417 supa

147 2430 234 2505 riore
267 2457 356 2505 anuo
385 2429 591 2529 vulgaverat.
630 2433 668 2504 ln
696 2432 761 2505 hac
787 2431 985 2506 edioehatnr
1010 2457 1077 2505 non
1107 2433 1256 2530 potuisse

148 2546 326 2644 episcopos
358 2545 597 2621 relaxationem
623 2546 844 2621 concederea
869 2546 1031 2644 gradibus
1056 2548 1256 2645 consangni-

148 2661 290 2746 nitatis,
318 2661 376 2759 qui
405 2662 440 2732 in
467 2661 597 2740 indulto
631 2662 837 2760 apostolico,
866 2663 956 2761 qnod
977 2662 1134 2759 >singulis
1161 2663 1256 2762 quin·

147 2775 305 2875 quenniis
323 2776 396 2848 dari
415 2793 634 2850 consueverat
651 2777 759 2850 tribue
776 2778 948 2876 episcopis
972 2777 1175 2851 electoribus
1191 2803 1256 2850 nco

147 2889 404 2964 continebantur
420 2893 510 2985 (bh).
538 2891 635 2976 Quod
661 2917 736 2965 cum
760 2919 858 2990 aegre
884 2892 1006 2965 ferrent
1023 2892 1071 2962 illi
1091 2892 1256 2992 archiepi-

149 3007 245 3107 scopi
264 3022 297 3081 et
314 3007 486 3107 episcopi,
508 2994 662 3106 querelas
688 3008 837 3082 lecerunt
852 3009 945 3108 apud
963 3035 1137 3103 summum,
1151 3009 1256 3106 ponti·

142 3125 273 3212 licem,
297 3141 470 3224 tamquam
485 3124 529 3195 de
553 3123 677 3196 iniuria
694 3124 759 3196 sibi
788 3124 898 3210 illata;
920 3125 962 3196 iis
980 3149 1079 3222 porro
1107 3123 1189 3201 Pius
1204 3124 1256 3197 Vl.

148 3243 234 3318 inter
246 3259 356 3317 cetera
369 3241 528 3340 scripsit:
545 3270 562 3310 u
575 3239 611 3310 Si
625 3239 679 3313 ius
696 3257 785 3313 esset
802 3239 977 3338 episcopis·
990 3238 1141 3312 relaxare
1153 3238 1256 3337 legem

148 3357 460 3456 impedimentorum
495 3354 790 3429 matrimonialium
820 3354 864 3426 ab
896 3352 1062 3426 ecclesiae
1098 3356 1256 3450 potestate

148 3472 384 3558 constitutam,
405 3489 438 3545 et
459 3471 585 3571 ubique
603 3472 637 3543 in
656 3469 833 3543 catholicis
857 3468 1049 3541 ditionibus
1066 3485 1256 3567 receptam,

150 3602 218 3660 tota
245 3602 446 3661 everteretur
472 3587 635 3661 ecclesiae
668 3585 874 3684 disciplina,
904 3600 1006 3681 ceput
1038 3583 1256 3656 subiiceretur

217 3756 276 3816 lta)
285 3756 355 3822 Apud
371 3752 514 3832 Baskorhny
526 3748 839 3857 Moutoucntacet'toltcc
856 3757 917 3805 torn.
932 3754 950 3803 Ι
963 3766 1017 3816 pag
1033 3757 1086 3803 att.
1089 3738 1256 3859 outaqnecc

144 3839 244 3989 ¹imnis
245 3843 319 3981 tillir
332 3921 378 3970 trac
395 3919 518 3982 encyclica
536 3919 618 3970 Barth.
642 3920 720 3979 Putea
736 3917 835 3979 exhibet
855 3915 943 3970 ordine
956 3914 1131 3978 chronologico
1153 3913 1250 3974 tudnttt

150 4013 214 4063 quac
225 3999 257 4069 ad
267 3998 462 4066 quiuquenulum
473 3998 552 4049 tribus
561 3997 709 4049 electoribus
718 3992 840 4047 dabantur
849 3995 879 4044 ab
891 3991 1023 4058 aponottc
1034 3993 1092 4043 ecda
1101 3991 1134 4042 ab
1144 3991 1186 4052 an.
1208 3998 1256 4045 reu

150 4082 176 4130 ct
186 4082 255 4132 ttae.
267 4081 305 4132 01.
317 4082 442 4132 nemone
454 4079 605 4131 atnrtcltcdt
621 4078 761 4141 mendenen
773 4077 929 4128 bartolomeo
942 4070 1041 4134 Ῥιιιιι,
1052 4075 1160 4123 ornere.
1172 4073 1256 4124 Μ

152 4161 191 4210 dcl
208 4173 277 4210 sacre
293 4160 396 4225 collegio
411 4159 495 4210 rutdt
507 4159 547 4210 lut
563 4161 724 4223 coaeterno
716 4172 743 4207 tu
760 4159 900 4207 Germanae
910 4154 948 4204 dcl
965 4159 1031 4204 ttae.
1046 4154 1090 4203 etl
1098 4167 1140 4203 ιι
1154 4158 1223 4205 ttut.
1236 4157 1256 4204 tt

148 4240 253 4305 quolttd
271 4239 300 4292 dt
320 4242 425 4292 nuceta
435 4239 545 4305 apostol.
559 4239 589 4291 al
608 4241 690 4290 trcttn
709 4238 754 4287 del
773 4237 999 4339 Reuedttnoreute
1012 4238 1043 4284 tu
1058 4233 1169 4285 annun
1187 4235 1229 4337 ed
1240 4240 1256 4283 t

155 4324 290 4373 Benevento
313 4329 377 4372 test.
963 4350 965 4357 .
986 4350 990 4360 .
1012 4334 1032 4359 ι.
1219 4344 1245 4355 ..
