2804 5062
211 385 280 436 ω.
295 385 330 434 11.
345 384 386 434 lt!
400 383 488 437 ecca.
499 382 623 434 lomi.
635 383 723 434 GOST·
732 385 798 435 lle.
810 384 904 435 mll-
915 386 1016 436 attin.
1029 387 1099 436 ΛΒΤ.
1111 388 1146 439 ll.
1202 369 1246 440 fl

150 503 270 577 uandis
297 528 474 576 marte.»
501 502 589 599 Ergo
614 502 725 601 agitur
748 502 791 575 de
815 504 903 586 iare,
931 502 975 576 da
999 518 1177 602 potestate,
1205 508 1249 581 dc

148 623 284 693 senaa.
313 620 468 692 Potestas
492 633 603 691 autem
628 633 662 690 et
683 617 806 691 veritas
832 618 867 689 in
893 617 1035 693 ecclesia
1060 637 1140 694 sunt
1166 623 1248 720 qaid

146 735 387 833 dogmaticum
414 759 494 830 ergo
522 731 688 806 obiectum
713 732 852 805 canonis
876 733 1022 805 ostendit
1049 733 1144 806 illum
1173 762 1250 810 vere

145 876 214 924 essa
236 848 481 946 dogmaticam.
513 846 612 933 Quod
635 846 772 946 quidem
795 847 902 943 magis
924 846 1060 945 planum
1079 848 1116 922 fit
1138 875 1178 921 ex
1196 878 1250 924 ra·

143 968 227 1039 tione
243 992 317 1065 qun
341 990 450 1037 canon
471 962 581 1037 editus
604 963 731 1050 astrin
756 988 797 1035 eo
822 962 910 1035 enim
932 963 1110 1037 anathema
1126 965 1250 1038 dicitur

142 1082 165 1153 ei
191 1083 253 1179 qai
273 1079 414 1152 dicerit.
438 1080 521 1150 Nam
542 1078 576 1149 in
599 1077 675 1151 aliis
700 1076 886 1150 canonibus
912 1076 955 1149 ab
980 1078 1173 1152 adversario
1190 1071 1250 1153 ob-

144 1195 234 1268 iectis
252 1192 434 1266 anathema
449 1191 572 1265 dicitur
588 1191 632 1265 iis
649 1192 707 1291 qui
725 1190 853 1290 aliquid
871 1192 1114 1280 commiserint;
1136 1194 1195 1266 sad
1219 1197 1247 1268 si

144 1309 321 1381 anathema
346 1305 470 1379 dicitur
490 1307 521 1378 ai
541 1306 599 1405 qui
621 1306 727 1390 dicat,
757 1306 845 1379 idem
871 1322 923 1379 est
947 1332 986 1379 ac
1010 1308 1039 1379 si
1064 1307 1194 1405 dicatur
1216 1310 1248 1382 ai

143 1424 195 1522 qni
228 1424 391 1522 opinetur
413 1439 446 1494 at
471 1421 608 1507 doceat;
637 1419 777 1519 proinde
804 1420 915 1518 agitur
946 1420 1080 1494 dalida
1107 1423 1250 1497 tenenda

143 1557 172 1610 ct
195 1536 377 1610 tradenda.

212 1655 391 1726 Praeterea
414 1650 450 1723 id
482 1652 592 1751 ipsum
616 1651 761 1726 eflicitur
784 1678 825 1725 ex
851 1652 918 1726 line
950 1679 1052 1752 quem
1077 1652 1143 1726 sibi
1176 1679 1250 1752 pro

145 1785 328 1867 posuerunt
352 1767 525 1840 tridentini
550 1782 660 1867 patres
686 1767 720 1840 in
751 1767 819 1841 illis
849 1766 1034 1841 canonibus
1066 1768 1250 1840 condendis

145 1911 227 1959 sess.
255 1883 373 1956 XXIV.
402 1882 465 1954 Hic
489 1898 598 1954 autem
623 1882 701 1955 linis
727 1882 843 1981 patefit
866 1908 906 1953 er
933 1881 1008 1979 ipsa
1033 1880 1250 1979 inscriptione

147 1999 290 2098 praefixa
309 1996 391 2070 huic
406 1995 569 2070 sessioni:
589 1997 745 2069 Doctrina
762 1995 800 2067 de
816 2010 1015 2068 sacramenta
1035 1997 1246 2068 matrimonii.

148 2113 264 2187 Patelit
285 2138 327 2185 ex
353 2110 578 2185 declaratione
603 2111 791 2210 praemissa
815 2109 997 2184 aconcilio
1017 2109 1071 2184 his
1088 2110 1174 2210 ipsis
1194 2136 1251 2183 ca-

145 2228 288 2303 canibus
317 2225 419 2301 editis
451 2225 612 2300 adversas
646 2241 841 2299 novatorum
875 2250 1029 2313 erroros;
1062 2251 1104 2298 an
1129 2224 1249 2325 synodi

144 2344 261 2418 rerba:
302 2367 478 2441 «qaorum
507 2340 708 2441 (impioram
739 2339 933 2447 hominum)
963 2340 1139 2415 temeritati
1172 2366 1252 2413 san·

145 2476 191 2534 cta
215 2476 251 2534 et
267 2457 473 2532 universalis
493 2457 645 2556 synodus
663 2457 802 2556 cupiens
828 2481 1022 2543 occurrere,
1049 2455 1251 2554 insigniores

146 2575 391 2675 praedictarum
410 2571 699 2646 schismaticorum
726 2573 868 2645 haereses
893 2587 923 2644 et
948 2599 1089 2656 errores,
1111 2598 1153 2645 ne
1177 2569 1256 2670 plu-'

146 2717 194 2764 res
210 2690 256 2763 ad
278 2716 320 2762 se
339 2688 451 2762 trahat
474 2687 664 2787 perniciosa
686 2713 802 2760 eorum
827 2687 1004 2785 contagio,
1029 2687 1252 2761 exterminan-

145 2804 201 2879 dos
218 2804 340 2887 duxit,
363 2802 426 2876 has
443 2802 479 2874 in
496 2801 588 2900 ipsos
612 2802 817 2889 haereticos,
846 2828 1029 2904 eorumque
1054 2829 1176 2875 errores
1193 2802 1251 2875 de-

145 2944 284 2993 cernens
315 2917 625 2991 anathematismos.
649 2947 666 2986 e
703 2918 736 2989 Si
767 2917 868 3016 igitur
902 2918 945 2991 ad
981 2918 1251 2991 exterminandas

149 3034 304 3109 merasce
330 3049 364 3106 et
386 3059 517 3107 errares
537 3058 686 3106 canones
711 3032 792 3105 editi
818 3050 914 3119 sunt,
944 3034 1090 3130 prolecto
1107 3058 1174 3105 nan
1199 3031 1252 3102 di·
1284 3015 1288 3024 ⁸

149 3150 363 3250 sciplinares,
392 3147 451 3220 sed
475 3173 552 3220 vere
577 3147 753 3245 dogmatici
780 3166 858 3221 sunt
883 3148 1052 3231 habendi;
1086 3162 1133 3218 tot
1162 3146 1251 3218 enim

148 3281 223 3338 sunt
247 3263 408 3336 veritatm
434 3262 658 3359 dogmaticae,
681 3281 763 3362 quot
784 3290 913 3337 errares
938 3281 971 3336 et
996 3261 1151 3334 haereses
1177 3285 1253 3358 pro-

151 3380 305 3480 scriptae.

217 3495 316 3581 Quae
341 3493 478 3592 quidem
502 3494 740 3567 confirmantur
759 3520 799 3566 ex
821 3519 860 3567 eo
877 3493 967 3592 quod
991 3492 1134 3590 contigit<
1150 3492 1184 3564 in
1207 3489 1254 3565 le·

149 3611 256 3683 atione
285 3608 426 3681 mannis
452 3609 507 3680 lll.
535 3634 621 3682 sess.
642 3610 732 3680 lllll.
753 3608 792 3680 de
816 3624 1018 3681 sacrosancto
1040 3609 1253 3680 eucharistiae

153 3738 349 3797 sacramento
367 3722 422 3795 his
440 3723 551 3796 verbis
567 3749 743 3822 expresso:
764 3723 825 3793 uSi
843 3722 921 3822 qais
935 3722 1121 3821 negaverit,
1138 3747 1253 3794 omnes

152 3855 182 3911 et
203 3838 358 3935 singulos
384 3837 508 3911 Christi
535 3837 652 3911 fideles
677 3840 852 3938 utriusque
877 3866 1003 3925 sexus,
1032 3865 1106 3911 cum
1130 3836 1172 3910 ad
1195 3862 1255 3907 an-

154 3981 211 4027 nos
227 3953 442 4028 discretionis
461 3954 686 4054 pervenerint,
709 3954 810 4025 teneri
831 3953 975 4051 singulis
999 3953 1116 4039 annis,
1138 3951 1254 4025 saltem

156 4067 185 4138 in
210 4068 393 4167 paschate,
422 4067 465 4141 ad
491 4068 804 4142 communicandum
831 4069 921 4142 iuxta
947 4085 1160 4168 pracceptum
1178 4095 1256 4142 san-

156 4180 542 4268 ctaematrisecclesiae;
563 4182 677 4254 anath.
701 4183 784 4254 sit.»
806 4181 978 4282 Siquidem
996 4182 1147 4255 nonnulli
1167 4181 1257 4255 theo

157 4293 217 4395 logi
235 4297 457 4383 adnotarunt,
479 4297 567 4397 quod
588 4322 664 4370 cum
681 4324 721 4371 ea
739 4298 773 4369 in
790 4323 918 4372 canona
935 4323 1003 4384 non
1020 4297 1063 4370 de
1081 4313 1256 4396 praecepto
