2804 5062
145 318 214 395 ato
394 342 456 393 nn.
476 341 512 393 11.
533 341 621 393 sacr.
641 341 664 391 r.
685 342 726 391 nr
743 339 868 394 rarasr.
889 340 1017 395 rocam

143 476 283 535 testatus
307 475 375 548 est,
399 459 443 533 de
467 458 579 534 valore
602 459 767 534 eiusmodi
799 459 1091 535 matrimoniorum
1120 459 1228 534 nullum

142 574 190 647 ibi
214 600 290 650 esse
314 573 472 662 dubium,
500 573 619 649 saltem
645 588 721 673 post
738 599 855 672 pacem
871 573 1190 662 monasteriensem,
1206 573 1230 644 ir

142 716 210 791 qua
227 689 367 791 speciali
386 689 514 764 ratione
531 706 666 765 cautum
683 689 808 777 luerat,
832 688 1049 763 matrimonia
1075 689 1112 761 in
1137 687 1230 763 loede-

142 820 214 879 r'ato
241 802 356 902 Belgio
384 802 551 878 celebrata
581 801 703 877 debera
730 802 831 877 etiam
862 802 898 875 in
927 801 1042 900 Belgio
1072 801 1233 903 bispunico

142 919 289 1020 reputari
313 917 427 993 valida
441 921 530 1015 (61).

215 1033 317 1110 Hisce
340 1033 498 1110 omnibus
522 1050 693 1135 permotus
721 1033 924 1108 Benedictus
950 1032 1036 1105 xlv.
1072 1058 1111 1107 se
1140 1032 1234 1106 anino

143 1147 344 1250 pendentem
361 1148 513 1223 exhibuit
534 1174 609 1222 cum
627 1147 692 1223 boc
710 1146 752 1222 de
769 1147 901 1247 negotio
918 1163 1076 1244 ageremr
1092 1147 1128 1219 in
1146 1146 1235 1223 sacri

142 1263 473 1363 congregationibus,
493 1279 596 1364 atque
620 1263 720 1338 etiam
745 1263 780 1336 in
805 1277 936 1363 partem
952 1262 1124 1337 laventem
1141 1288 1179 1337 so
1198 1263 1235 1335 in

143 1379 269 1454 clinare
285 1378 397 1453 lassus
414 1395 477 1453 est.
498 1378 651 1452 Ceterum
667 1377 711 1452 ad
728 1376 813 1451 alias
832 1376 985 1476 regiones
1001 1377 1096 1478 quod
1114 1377 1232 1464 attinet,

142 1520 310 1595 quaenam
335 1519 431 1567 mens
450 1494 578 1568 steterit
593 1493 773 1568 Benedicta
789 1492 874 1565 xit.
895 1492 961 1567 bac
981 1518 1091 1593 super
1112 1520 1150 1569 re
1164 1507 1236 1595 potet

143 1625 213 1683 tum
238 1635 280 1683 ex
303 1608 380 1709 ipsa
403 1606 527 1681 celebri
552 1635 615 1682 sua
638 1607 886 1697 Declaratione;
919 1623 989 1682 tum
1018 1632 1063 1683 ex
1092 1609 1139 1683 iis
1166 1633 1236 1711 quac

145 1724 338 1799 immediate
363 1739 440 1824 post
473 1723 546 1825 ipsc
570 1723 687 1822 gessit.
715 1724 847 1799 Etenim
872 1723 908 1797 in
932 1723 1170 1801 Declaratione
1191 1748 1235 1826 pro

145 1839 369 1917 matrimoniis
386 1837 601 1928 ilollandiae,
623 1840 756 1928 statuit,
772 1854 811 1915 ut
829 1840 900 1913 «de
917 1838 961 1914 iis
978 1841 1081 1914 iurato
1098 1843 1235 1915 conantia

144 1957 229 2031 iuris
254 1956 430 2029 mmmunis
445 1955 629 2054 principia,
648 1956 864 2054 probatasque
881 1957 918 2028 in
932 1955 1102 2031 similibus
1124 1956 1234 2030 casibut

142 2071 230 2145 aiios
252 2070 358 2145 editas
374 2097 396 2146 a
411 2096 439 2143 s.
461 2072 703 2170 congregatione
726 2071 859 2145 concilii
871 2069 1103 2159 resolutiones,
1128 2072 1186 2145 ubi
1198 2068 1234 2143 di

142 2186 284 2284 epotatio
313 2187 479 2284 contingat
504 2184 661 2259 decidant
679 2186 795 2282 (62).»
823 2185 862 2257 ln
892 2211 961 2260 una
983 2211 1066 2260 vero
1083 2185 1232 2271 ulmeusi.

142 2326 231 2401 quae
248 2317 287 2373 ut
300 2301 465 2389 vidimus,
486 2299 633 2375 resolata
649 2316 700 2374 est
716 2324 776 2375 an:
795 2301 901 2373 llll.
915 2324 918 2329 ·
931 2326 992 2375 seu
1018 2326 1112 2375 anno
1136 2301 1234 2375 imme

143 2415 234 2489 diate
251 2415 438 2516 insequenti
457 2414 569 2490 adata
585 2414 817 2490 Declaratione
835 2440 895 2514 pro
912 2413 1117 2505 Hellandia,
1136 2415 1234 2491 conia

145 2529 237 2625 gium
255 2529 375 2604 initum
392 2531 479 2604 inter
494 2530 696 2605 catholicum
714 2547 747 2605 et
763 2528 985 2605 acatholicum
1002 2531 1080 2605 sine
1097 2556 1233 2631 praesen

146 2643 192 2717 tia
217 2646 355 2744 parochi
380 2647 638 2747 pronunciatum
663 2646 727 2721 luit
742 2647 883 2719 nullum.

217 2759 357 2832 Demum
376 2787 442 2835 non
459 2761 542 2836 dicit
558 2762 701 2835 absolute
718 2761 917 2836 Benedictus
932 2761 1016 2834 xlv.
1034 2760 1129 2836 haud
1148 2761 1233 2834 fuisse

146 2872 233 2946 inter
257 2899 295 2947 se
320 2876 506 2949 conformes
524 2876 745 2950 resolutiones
762 2902 832 2949 sac.
853 2875 1170 2973 congregationum,
1188 2869 1231 2948 sol

142 3005 276 3087 propter
306 2993 494 3063 uarietatem
524 2992 857 3075 circumstantiarum,
891 3018 973 3088 qucc
1002 2990 1157 3064 modain
1183 3010 1232 3061 um

142 3104 228 3204 sacti
241 3106 344 3203 spccie
362 3105 515 3191 aderant,
531 3106 624 3178 mode
641 3109 677 3178 ia
692 3107 798 3179 altera
814 3105 1101 3178 desiderabantur:
1122 3103 1231 3192 Qube

144 3219 244 3295 tacite
260 3220 379 3295 alludit
395 3222 438 3295 ad
456 3247 496 3295 ea
519 3248 606 3322 quae
627 3222 802 3295 retulimus
824 3220 866 3293 de
889 3221 1042 3320 episcopi
1067 3221 1231 3296 castorien-

144 3334 193 3408 sis
218 3335 481 3423 consultatione,
510 3337 619 3436 dequo
643 3363 712 3410 sac.
733 3334 1001 3432 congregationis
1027 3333 1229 3412 resolutione.

138 3465 176 3521 et
192 3450 235 3523 iis
252 3477 339 3550 quae
360 3450 540 3525 subsecuta
561 3468 649 3523 sunt.
676 3450 818 3550 Dempta
836 3449 938 3547 igitur
958 3449 1082 3522 harum
1109 3449 1232 3522 circum

143 3564 341 3637 stantiarum
366 3565 577 3651 diversitate,
599 3565 665 3638 sibi
691 3565 907 3639 constiterunt
933 3579 1003 3636 tum
1029 3563 1163 3638 concilii
1180 3578 1232 3634 tun

144 3678 285 3752 aliarum
302 3681 594 3778 congregationum
612 3680 761 3767 decreta3
783 3679 910 3753 scilicet
921 3680 956 3751 in
971 3679 1161 3777 protucnda
1172 3700 1234 3751 ccu-

142 3794 310 3892 iugiorum
336 3795 503 3883 nullitate,
523 3823 610 3895 quac
627 3797 698 3869 sive
716 3795 759 3868 ab
781 3795 958 3868 haereticis
982 3795 1072 3867 inter
1098 3820 1151 3882 se,
1179 3791 1234 3866 sire

144 3909 229 3981 inter
253 3911 454 3985 catholicum
471 3928 504 3985 ct
524 3911 760 3996 acatholicum,
790 3926 823 3983 et
844 3910 1012 3996 vicissim,
1041 3909 1235 3984 celebranto

143 4022 212 4098 illis
237 4026 273 4097 in
298 4027 490 4125 regionibus
516 4027 691 4128 inquibus
710 4026 928 4099 tridentinum
946 4022 1121 4100 decretum
1139 4019 1233 4125 publi·

215 4209 267 4349 {etp
281 4210 319 4352 gt.
333 4213 368 4340 lp.
381 4214 441 4277 Nep.
454 4214 562 4277 Troppor
572 4226 612 4276 ap.
622 4215 646 4263 ct
656 4213 704 4262 loc.
715 4213 756 4262 cit.
770 4225 795 4261 n.
808 4218 861 4263 555.

227 4294 256 4338 aa
299 4291 369 4340 .ut.
