2804 5062
151 360 204 432 'ld
385 376 467 430 Ιιιι.
488 378 524 429 ιι.
545 376 632 430 sacr.
653 379 677 430 ι.
698 379 738 429 nr
755 378 880 430 rorrsr.
902 380 1027 432 socias.

149 521 214 573 sua
233 496 442 571 institutione
456 521 532 570 earu
549 512 583 570 et
599 496 761 571 intellexit
775 514 810 571 et
830 499 978 572 exercuit
999 498 1048 571 uti
1065 522 1263 597 supremam

147 607 440 710 independentem,
460 611 676 711 iureoptimo
688 610 816 684 uttalis
832 609 988 686 habenda
1006 627 1069 685 est.
1087 612 1191 688 Porro
1216 616 1264 690 ita

146 725 325 800 ecclesiam
352 724 557 815 intellexisse
578 742 679 826 atque
700 727 884 800 executioni
911 726 1092 800 mandasse
1113 744 1264 827 potesta-

149 856 217 913 tam
230 839 305 913 sihi
328 838 505 922 lactamssia
521 841 679 938 coniugio
703 842 985 930 christianorum,
1013 840 1108 916 nullo
1129 847 1264 943 negotio

148 953 371 1041 demonstrari
389 969 515 1052 potest.

147 1114 175 1127 -.
222 1068 331 1168 Atque
354 1084 393 1142 ut
415 1069 609 1143 omittamus
636 1071 824 1169 apostolum
848 1068 1014 1154 Paulum,
1037 1071 1150 1170 quiin
1170 1074 1198 1144 1.
1218 1075 1262 1149 ad

145 1181 302 1256 dorium.
331 1182 552 1284 Vll..plur'a,
582 1185 776 1258 auctoritato
807 1184 872 1257 sibi
899 1209 919 1257 a
943 1182 1077 1258 Christo
1104 1184 1260 1275 tradita,

143 1296 239 1370 circa
266 1299 422 1396 coniugia
449 1298 622 1373 constituit
647 1299 719 1373 sive
749 1297 899 1372 fidelium
925 1323 1001 1372 oum
1033 1298 1258 1389 infidelibus,

144 1411 397 1487 aire-fidelium
421 1413 509 1487 inter
529 1412 586 1501 se,
609 1413 793 1514 pluresque
816 1412 882 1487 sihi
909 1414 1106 1512 propositas
1126 1413 1204 1489 hoe<
1217 1417 1261 1490 de

150 1529 186 1599 οε
203 1529 418 1627 quaestiones
437 1528 590 1617 diremit,
612 1527 705 1602 nulla
722 1528 926 1628 interposita
948 1530 1124 1627 potestatis
1144 1529 1262 1605 civilis

144 1640 335 1736 montinum
347 1668 351 1685 ·
364 1642 457 1742 quia.
471 1645 588 1742 reponi
602 1645 729 1743 'posset
752 1643 864 1742 ipsum
883 1657 1052 1741 potestate
1067 1643 1263 1718 >entraordi-

149 1756 246 1828 naria'
258 1756 362 1831 luisse
376 1755 537 1858 potitum,
553 1773 668 1858 utpote
680 1755 881 1857 apostolum,
892 1755 959 1830 elia
973 1758 1089 1830 iamin
1103 1776 1260 1859 prompta

142 1869 313 1963 habemus
330 1872 546 1970 argumenta,
567 1898 657 1973 quas
674 1870 804 1945 nullam
818 1870 1256 1972 exceptionem‘bpatiuntur.

145 1984 163 2051 Ξἶ
180 2043 198 2052 ,-
220 1985 434 2085 (lampertum
465 2004 545 2075 est,
578 1988 754 2061 ecclesiam
784 2013 847 2087 per
870 1987 934 2060 tria
958 1987 1028 2060 lere
1043 1984 1262 2077 ,οοιιιὶιιοιιιοι

147 2099 262 2179 secuda
286 2101 360 2183 suh:
376 2100 585 2176 ethnicorum
611 2105 848 2203 imperatorum
871 2101 1008 2201 politico
1023 2099 1262 2200 regimineac

143 2230 311 2316 potestate
332 2216 498 2291 extitisse.
515 2216 607 2289 Haec
622 2242 704 2290 vero
718 2222 770 2289 est
786 2216 1075 2314 aptissimauetas
1089 2214 1161 2315 qua
1176 2216 1260 2317 quid

143 2328 291 2403 ecclesis
310 2328 562 2429 potestatesihi
574 2330 709 2423 insita,
737 2329 895 2429 propria,
919 2330 1085 2429 suprema}
1102 2354 1153 2404 ac.
1167 2331 1263 2405 inda»

146 2445 316 2544 pendente
339 2471 361 2518 a
383 2445 555 2542 regimine·
573 2443 718 2544 politico
741 2445 932 2546 principum
957 2444 1128 2546 praestare
1154 2447 1264 2545 possit

147 2574 238 2632 certo
260 2559 458 2633 innotescat.
480 2561 515 2632 Si
536 2559 742 2649 constiterit,
764 2560 909 2634 totailla
926 2560 1024 2634 dirae
1047 2586 1088 2634 ac
1104 2561 1263 2635 immanis

144 2673 393 2771 persecutionis
423 2672 588 2803 perinde,
617 2672 751 2772 plenam
771 2675 918 2775 prorsus
943 2699 983 2747 ac
1009 2674 1202 2774 supiemam
1228 2691 1262 2748 et

146 2785 192 2860 ah
208 2784 417 2917 ethpicorum
438 2788 628 2910 principum
631 2787 779 2886 legibus
795 2806 907 2889 atque
905 2790 1049 2864 statutis
1069 2791 1261 2864 immunem

144 2899 363 3030 potestatem
371 2902 422 2975 iu
428 2903 714 2978 sacramentorum
735 2904 1042 2994 administratione,
1063 2907 1260 3004 praesertim

143 3015 227 3090 uero
250 3014 491 3139 iniungenda
524 3018 652 3118 nuptiis
682 3001 759 3091 sibi
767 3018 996 3107 vindicasse,
1023 3019 1170 3095 evidens
1195 3021 1261 3093 erit

143 3129 324 3226 eeclesiam
336 3131 390 3205 uti
397 3131 591 3232 supremam
609 3148 643 3207 et
659 3133 939 3234 independentem
954 3133 1160 3209 intellexisse
1172 3158 1260 3208 sam-

143 3271 313 3347 peroam
329 3263 552 3348 potestatem,
581 3248 730 3349 quauta
751 3248 889 3322 Christo
920 3249 1050 3348 acecpit
1064 3275 1078 3335 -;
1106 3246 1260 3349 adeoque

143 3356 328 3436 -lranoessa
345 3363 472 3438 Christi
489 3365 599 3463 ipsius
617 3377 781 3457 mentem,
803 3363 862 3463 qui
880 3389 955 3436 eam
973 3361 1260 3439 facultatsm‘ocn·

142 3472 236 3566 tulit.
255 3475 372 3548 'Porro
404 3477 449 3549 ab
478 3478 656 3552 haereticis
690 3477 961 3578 quibuscumque
984 3492 1018 3551 et
1046 3503 1068 3551 a
1092 3474 1260 3574 regalistis

147 3586 369 3687 inquirimus,
386 3604 423 3661 ut
435 3591 502 3689 ipsi
517 3593 615 3666 nobis
629 3593 893 3692 patefaciantur
916 3592 1060 3668 ecclesia
1077 3590 1260 3692 aliquando

142 3702 342 3776 ard-:ritorto
356 3702 503 3801 legitime
527 3712 735 3779 sacramenia
760 3706 1028 3781 administranda
1044 3730 1064 3778 a
1083 3705 1259 3802 magistra·

145 3816 239 3892 tibus
257 3817 351 3893 illius
367 3818 495 3892 aetatis
520 3818 712 3893 lacultatem
737 3819 920 3920 aliquando
937 3817 1089 3919 petierit,
1110 3834 1169 3893 aut
1190 3819 1259 3892 ssl-

141 3946 214 4004 tem
236 3931 358 4007 fideles
379 3932 538 4033 docuqrrt
550 3949 589 4007 ut
604 3942 679 4007 eam
695 3933 764 4032 ipsi
779 3949 1018 4035 exposcerent,
1044 3947 1083 4006 ut
1108 3931 1259 4030 legitima

140 4045 305 4173 coniugia
328 4025 690 4124 contraherent..
737 4112 752 4123 ,,
798 4114 800 4119 .
1280 4117 1281 4120 ,

141 4163 185 4231 -=.·l
219 4161 416 4250 Proicrant,
426 4165 479 4239 si·
477 4165 586 4264 quod
613 4163 762 4253 hahent,
791 4163 950 4250 Nemnis,
972 4162 1082 4237 Decii
1088 4177 1160 4235 aut
1180 4110 1260 4234 llio-

141 4275 284 4352 datiani
304 4279 482 4380 diploma,
502 4306 571 4380 quo
595 4281 771 4356 ecclesiae
782 4280 988 4357 christianae
1010 4277 1154 4354 facultas
1177 4276 1260 4351 data
