<?xml version="1.0" encoding="UTF-8"?>
<!DOCTYPE html PUBLIC "-//W3C//DTD XHTML 1.0 Transitional//EN"
    "http://www.w3.org/TR/xhtml1/DTD/xhtml1-transitional.dtd">
<html xmlns="http://www.w3.org/1999/xhtml" xml:lang="en" lang="en">
 <head>
  <title>
</title>
<meta http-equiv="Content-Type" content="text/html;charset=utf-8" />
  <meta name='ocr-system' content='tesseract 3.04.00' />
  <meta name='ocr-capabilities' content='ocr_page ocr_carea ocr_par ocr_line ocrx_word'/>
</head>
<body>
  <div class='ocr_page' id='page_1' title='image "./dematrimoniochr02perrgoog_0335.png"; bbox 0 0 2804 5062; ppageno 0'>
   <div class='ocr_carea' id='block_1_1' title="bbox 244 348 1218 425">
    <p class='ocr_par' dir='ltr' id='par_1_1' title="bbox 244 348 1218 425">
     <span class='ocr_line' id='line_1_1' title="bbox 244 348 1218 425; baseline -0.002 0"><span class='ocrx_word' id='word_1_1' title='bbox 244 348 314 425; x_wconf 69' lang='grc'><strong>336</strong></span> <span class='ocrx_word' id='word_1_2' title='bbox 367 374 439 418; x_wconf 67' lang='grc' dir='ltr'><strong>,ιιι</strong></span> <span class='ocrx_word' id='word_1_3' title='bbox 480 366 957 425; x_wconf 66' lang='lat' dir='ltr'><strong>testamenmentum.</strong></span> <span class='ocrx_word' id='word_1_4' title='bbox 980 364 1106 424; x_wconf 78' lang='lat' dir='ltr'><strong>summ.</strong></span> <span class='ocrx_word' id='word_1_5' title='bbox 1214 388 1218 396; x_wconf 93' lang='lat'><strong>·</strong></span> 
     </span>
    </p>
   </div>
   <div class='ocr_carea' id='block_1_2' title="bbox 241 480 1385 4404">
    <p class='ocr_par' dir='ltr' id='par_1_2' title="bbox 242 480 1360 1056">
     <span class='ocr_line' id='line_1_2' title="bbox 243 480 1359 591; baseline 0.003 -28"><span class='ocrx_word' id='word_1_6' title='bbox 243 493 462 565; x_wconf 76' lang='lat' dir='ltr'><strong>sumerentur</strong></span> <span class='ocrx_word' id='word_1_7' title='bbox 487 489 606 565; x_wconf 82' lang='lat' dir='ltr'><strong>fideles</strong></span> <span class='ocrx_word' id='word_1_8' title='bbox 630 486 733 591; x_wconf 82' lang='lat' dir='ltr'><strong>quam</strong></span> <span class='ocrx_word' id='word_1_9' title='bbox 758 488 927 564; x_wconf 84' lang='lat' dir='ltr'><strong>infideles.</strong></span> <span class='ocrx_word' id='word_1_10' title='bbox 961 480 1049 564; x_wconf 86' lang='lat' dir='ltr'><strong>Illud</strong></span> <span class='ocrx_word' id='word_1_11' title='bbox 1079 505 1196 565; x_wconf 87' lang='lat' dir='ltr'><strong>tamen</strong></span> <span class='ocrx_word' id='word_1_12' title='bbox 1226 491 1264 565; x_wconf 87' lang='lat' dir='ltr'><strong>in</strong></span> <span class='ocrx_word' id='word_1_13' title='bbox 1290 512 1359 566; x_wconf 87' lang='lat' dir='ltr'><strong>coa·</strong></span> 
     </span>
     <span class='ocr_line' id='line_1_3' title="bbox 242 599 1360 707; baseline -0.001 -26"><span class='ocrx_word' id='word_1_14' title='bbox 242 605 393 681; x_wconf 83' lang='lat' dir='ltr'><strong>csdenda</strong></span> <span class='ocrx_word' id='word_1_15' title='bbox 405 603 866 706; x_wconf 72' lang='lat' dir='ltr'><strong>huiusmodidi&#39;spensatione</strong></span> <span class='ocrx_word' id='word_1_16' title='bbox 877 628 960 705; x_wconf 89' lang='lat' dir='ltr'><strong>prae</strong></span> <span class='ocrx_word' id='word_1_17' title='bbox 976 599 1086 680; x_wconf 79' lang='lat' dir='ltr'><strong>octdis</strong></span> <span class='ocrx_word' id='word_1_18' title='bbox 1099 628 1241 706; x_wconf 87' lang='lat' dir='ltr'><strong>semper</strong></span> <span class='ocrx_word' id='word_1_19' title='bbox 1252 600 1288 680; x_wconf 87' lang='lat' dir='ltr'><strong>in</strong></span> <span class='ocrx_word' id='word_1_20' title='bbox 1299 607 1360 707; x_wconf 86' lang='lat' dir='ltr'><strong>pri-</strong></span> 
     </span>
     <span class='ocr_line' id='line_1_4' title="bbox 242 718 1359 823; baseline -0.001 -25"><span class='ocrx_word' id='word_1_21' title='bbox 242 723 379 823; x_wconf 83' lang='lat' dir='ltr'><strong>misque</strong></span> <span class='ocrx_word' id='word_1_22' title='bbox 400 720 600 796; x_wconf 84' lang='lat' dir='ltr'><strong>habendum</strong></span> <span class='ocrx_word' id='word_1_23' title='bbox 619 748 717 810; x_wconf 88' lang='lat' dir='ltr'><strong>esse,</strong></span> <span class='ocrx_word' id='word_1_24' title='bbox 730 720 783 795; x_wconf 80' lang='lat' dir='ltr'><strong>¹nt</strong></span> <span class='ocrx_word' id='word_1_25' title='bbox 807 738 886 796; x_wconf 85' lang='lat' dir='ltr'><strong>tuno</strong></span> <span class='ocrx_word' id='word_1_26' title='bbox 910 721 1021 796; x_wconf 90' lang='lat' dir='ltr'><strong>solum</strong></span> <span class='ocrx_word' id='word_1_27' title='bbox 1046 718 1280 822; x_wconf 88' lang='lat' dir='ltr'><strong>impertiatur,</strong></span> <span class='ocrx_word' id='word_1_28' title='bbox 1306 721 1359 796; x_wconf 84' lang='lat' dir='ltr'><strong>ubi</strong></span> 
     </span>
     <span class='ocr_line' id='line_1_5' title="bbox 242 832 1359 940; baseline 0 -27"><span class='ocrx_word' id='word_1_29' title='bbox 242 839 349 940; x_wconf 75' lang='lat' dir='ltr'><strong>partis</strong></span> <span class='ocrx_word' id='word_1_30' title='bbox 378 837 564 913; x_wconf 81' lang='lat' dir='ltr'><strong>catholicae</strong></span> <span class='ocrx_word' id='word_1_31' title='bbox 595 839 767 939; x_wconf 83' lang='lat' dir='ltr'><strong>perversio</strong></span> <span class='ocrx_word' id='word_1_32' title='bbox 790 862 833 911; x_wconf 83' lang='lat' dir='ltr'><strong>er</strong></span> <span class='ocrx_word' id='word_1_33' title='bbox 857 838 1094 914; x_wconf 87' lang='lat' dir='ltr'><strong>coniunctione</strong></span> <span class='ocrx_word' id='word_1_34' title='bbox 1122 832 1204 912; x_wconf 88' lang='lat' dir='ltr'><strong>eum</strong></span> <span class='ocrx_word' id='word_1_35' title='bbox 1236 838 1359 913; x_wconf 84' lang='lat' dir='ltr'><strong>infideli</strong></span> 
     </span>
     <span class='ocr_line' id='line_1_6' title="bbox 242 946 1091 1056; baseline -0.001 -25"><span class='ocrx_word' id='word_1_36' title='bbox 242 955 353 1031; x_wconf 89' lang='lat' dir='ltr'><strong>timeri</strong></span> <span class='ocrx_word' id='word_1_37' title='bbox 374 954 592 1056; x_wconf 72' lang='lat' dir='ltr'><strong>sequaquam</strong></span> <span class='ocrx_word' id='word_1_38' title='bbox 618 951 738 1054; x_wconf 78' lang='lat' dir='ltr'><strong>possit.</strong></span> <span class='ocrx_word' id='word_1_39' title='bbox 1051 946 1055 953; x_wconf 48' lang='lat'>⁵</span> <span class='ocrx_word' id='word_1_40' title='bbox 1088 947 1091 953; x_wconf 68' lang='grc'><strong>’</strong></span> 
     </span>
    </p>

    <p class='ocr_par' dir='ltr' id='par_1_3' title="bbox 241 1068 1385 2643">
     <span class='ocr_line' id='line_1_7' title="bbox 274 1068 1360 1171; baseline 0.003 -28"><span class='ocrx_word' id='word_1_41' title='bbox 274 1073 278 1080; x_wconf 87' lang='grc'><strong>’</strong></span> <span class='ocrx_word' id='word_1_42' title='bbox 314 1069 465 1144; x_wconf 70' lang='lat' dir='ltr'><strong>Tandem</strong></span> <span class='ocrx_word' id='word_1_43' title='bbox 482 1068 636 1145; x_wconf 78' lang='lat' dir='ltr'>Clemens</span> <span class='ocrx_word' id='word_1_44' title='bbox 652 1070 743 1143; x_wconf 81' lang='lat' dir='ltr'><strong>Xlll.</strong></span> <span class='ocrx_word' id='word_1_45' title='bbox 764 1068 830 1146; x_wconf 86' lang='lat' dir='ltr'><strong>hac</strong></span> <span class='ocrx_word' id='word_1_46' title='bbox 850 1096 955 1171; x_wconf 89' lang='lat' dir='ltr'><strong>super</strong></span> <span class='ocrx_word' id='word_1_47' title='bbox 979 1096 1016 1148; x_wconf 89' lang='lat' dir='ltr'><strong>re</strong></span> <span class='ocrx_word' id='word_1_48' title='bbox 1040 1072 1077 1145; x_wconf 90' lang='lat' dir='ltr'><strong>in</strong></span> <span class='ocrx_word' id='word_1_49' title='bbox 1102 1072 1360 1171; x_wconf 71' lang='lat' dir='ltr'>congregatione</span> 
     </span>
     <span class='ocr_line' id='line_1_8' title="bbox 241 1184 1360 1287; baseline 0 -24"><span class='ocrx_word' id='word_1_50' title='bbox 241 1213 273 1263; x_wconf 61' lang='lat' dir='ltr'><strong>st</strong></span> <span class='ocrx_word' id='word_1_51' title='bbox 293 1184 398 1260; x_wconf 82' lang='lat' dir='ltr'><strong>officii</strong></span> <span class='ocrx_word' id='word_1_52' title='bbox 422 1184 456 1257; x_wconf 77' lang='lat' dir='ltr'><strong>a.</strong></span> <span class='ocrx_word' id='word_1_53' title='bbox 472 1185 546 1259; x_wconf 87' lang='lat' dir='ltr'><strong>lan.</strong></span> <span class='ocrx_word' id='word_1_54' title='bbox 567 1184 677 1258; x_wconf 74' lang='lat' dir='ltr'><strong>tuot.</strong></span> <span class='ocrx_word' id='word_1_55' title='bbox 694 1186 929 1287; x_wconf 74' lang='lat' dir='ltr'><strong>insequentem</strong></span> <span class='ocrx_word' id='word_1_56' title='bbox 946 1187 1208 1264; x_wconf 82' lang='lat' dir='ltr'><strong>instructionem</strong></span> <span class='ocrx_word' id='word_1_57' title='bbox 1227 1187 1273 1263; x_wconf 89' lang='lat' dir='ltr'><strong>ad</strong></span> <span class='ocrx_word' id='word_1_58' title='bbox 1288 1187 1360 1263; x_wconf 58' lang='lat' dir='ltr'><strong>mh</strong></span> 
     </span>
     <span class='ocr_line' id='line_1_9' title="bbox 242 1295 1358 1401; baseline -0.003 -23"><span class='ocrx_word' id='word_1_59' title='bbox 242 1299 411 1378; x_wconf 82' lang='lat' dir='ltr'><strong>sionuiios</strong></span> <span class='ocrx_word' id='word_1_60' title='bbox 434 1295 531 1375; x_wconf 82' lang='lat' dir='ltr'><strong>dedit</strong></span> <span class='ocrx_word' id='word_1_61' title='bbox 555 1298 750 1401; x_wconf 76' lang='lat' dir='ltr'><strong>prouinciae</strong></span> <span class='ocrx_word' id='word_1_62' title='bbox 774 1301 971 1377; x_wconf 88' lang='lat' dir='ltr'><strong>Sutohuen:</strong></span> <span class='ocrx_word' id='word_1_63' title='bbox 1000 1305 1077 1375; x_wconf 78' lang='lat'><strong>«1.</strong></span> <span class='ocrx_word' id='word_1_64' title='bbox 1102 1300 1204 1377; x_wconf 81' lang='lat' dir='ltr'><strong>Circa</strong></span> <span class='ocrx_word' id='word_1_65' title='bbox 1232 1301 1307 1379; x_wconf 86' lang='lat' dir='ltr'><strong>ioca</strong></span> <span class='ocrx_word' id='word_1_66' title='bbox 1327 1301 1358 1376; x_wconf 89' lang='lat' dir='ltr'><strong>in</strong></span> 
     </span>
     <span class='ocr_line' id='line_1_10' title="bbox 243 1414 1357 1520; baseline 0.002 -28"><span class='ocrx_word' id='word_1_67' title='bbox 243 1416 369 1520; x_wconf 82' lang='lat' dir='ltr'><strong>quibus</strong></span> <span class='ocrx_word' id='word_1_68' title='bbox 394 1414 618 1518; x_wconf 87' lang='lat' dir='ltr'><strong>dispensandi</strong></span> <span class='ocrx_word' id='word_1_69' title='bbox 646 1420 777 1518; x_wconf 86' lang='lat' dir='ltr'><strong>(super</strong></span> <span class='ocrx_word' id='word_1_70' title='bbox 795 1417 1037 1518; x_wconf 81' lang='lat' dir='ltr'><strong>impedimento</strong></span> <span class='ocrx_word' id='word_1_71' title='bbox 1060 1417 1280 1519; x_wconf 86' lang='lat' dir='ltr'><strong>disparitatis</strong></span> <span class='ocrx_word' id='word_1_72' title='bbox 1297 1416 1357 1494; x_wconf 78' lang='lat' dir='ltr'><strong>cui</strong></span> 
     </span>
     <span class='ocr_line' id='line_1_11' title="bbox 244 1529 1354 1633; baseline 0.001 -25"><span class='ocrx_word' id='word_1_73' title='bbox 244 1535 325 1630; x_wconf 83' lang='lat' dir='ltr'><strong>tus)</strong></span> <span class='ocrx_word' id='word_1_74' title='bbox 349 1530 574 1623; x_wconf 20' lang='lat' dir='ltr'><strong>facultate-uti</strong></span> <span class='ocrx_word' id='word_1_75' title='bbox 590 1529 716 1619; x_wconf 71' lang='lat' dir='ltr'><strong>debet‚&#39;</strong></span> <span class='ocrx_word' id='word_1_76' title='bbox 731 1555 800 1606; x_wconf 90' lang='lat' dir='ltr'><strong>uon</strong></span> <span class='ocrx_word' id='word_1_77' title='bbox 815 1531 958 1607; x_wconf 90' lang='lat' dir='ltr'><strong>dubium</strong></span> <span class='ocrx_word' id='word_1_78' title='bbox 980 1547 1053 1621; x_wconf 89' lang='lat' dir='ltr'><strong>est,</strong></span> <span class='ocrx_word' id='word_1_79' title='bbox 1077 1533 1172 1633; x_wconf 92' lang='lat' dir='ltr'><strong>quod</strong></span> <span class='ocrx_word' id='word_1_80' title='bbox 1198 1533 1236 1607; x_wconf 86' lang='lat' dir='ltr'><strong>in</strong></span> <span class='ocrx_word' id='word_1_81' title='bbox 1260 1532 1354 1620; x_wconf 83' lang='lat' dir='ltr'><strong>loeis,</strong></span> 
     </span>
     <span class='ocr_line' id='line_1_12' title="bbox 242 1644 1353 1750; baseline 0.002 -29"><span class='ocrx_word' id='word_1_82' title='bbox 242 1645 304 1721; x_wconf 79' lang='lat' dir='ltr'><strong>abi</strong></span> <span class='ocrx_word' id='word_1_83' title='bbox 333 1652 415 1722; x_wconf 89' lang='lat' dir='ltr'><strong>sunt</strong></span> <span class='ocrx_word' id='word_1_84' title='bbox 442 1645 555 1748; x_wconf 88' lang='lat' dir='ltr'><strong>plures</strong></span> <span class='ocrx_word' id='word_1_85' title='bbox 584 1644 761 1734; x_wconf 84' lang='lat' dir='ltr'><strong>infideles,</strong></span> <span class='ocrx_word' id='word_1_86' title='bbox 790 1671 895 1748; x_wconf 91' lang='lat' dir='ltr'><strong>quam</strong></span> <span class='ocrx_word' id='word_1_87' title='bbox 919 1645 1117 1736; x_wconf 85' lang='lat' dir='ltr'><strong>christiani,</strong></span> <span class='ocrx_word' id='word_1_88' title='bbox 1139 1647 1217 1723; x_wconf 87' lang='lat' dir='ltr'><strong>iure</strong></span> <span class='ocrx_word' id='word_1_89' title='bbox 1237 1647 1353 1750; x_wconf 87' lang='lat' dir='ltr'><strong>optino</strong></span> 
     </span>
     <span class='ocr_line' id='line_1_13' title="bbox 243 1758 1353 1864; baseline 0.001 -27"><span class='ocrx_word' id='word_1_90' title='bbox 243 1761 456 1864; x_wconf 70' lang='lat' dir='ltr'><strong>dispensatio</strong></span> <span class='ocrx_word' id='word_1_91' title='bbox 480 1760 619 1836; x_wconf 90' lang='lat' dir='ltr'><strong>concedi</strong></span> <span class='ocrx_word' id='word_1_92' title='bbox 645 1758 775 1861; x_wconf 85' lang='lat' dir='ltr'><strong>possit,</strong></span> <span class='ocrx_word' id='word_1_93' title='bbox 805 1761 1142 1838; x_wconf 79' lang='lat' dir='ltr'><strong>animadvertendum</strong></span> <span class='ocrx_word' id='word_1_94' title='bbox 1169 1779 1246 1852; x_wconf 81' lang='lat' dir='ltr'><strong>est,</strong></span> <span class='ocrx_word' id='word_1_95' title='bbox 1273 1759 1353 1864; x_wconf 84' lang='lat' dir='ltr'><strong>qnod</strong></span> 
     </span>
     <span class='ocr_line' id='line_1_14' title="bbox 243 1873 1353 1979; baseline -0.003 -26"><span class='ocrx_word' id='word_1_96' title='bbox 243 1882 329 1953; x_wconf 82' lang='lat' dir='ltr'><strong>eum&#39;</strong></span> <span class='ocrx_word' id='word_1_97' title='bbox 340 1875 590 1952; x_wconf 84' lang='lat' dir='ltr'><strong>missionarius</strong></span> <span class='ocrx_word' id='word_1_98' title='bbox 602 1873 727 1950; x_wconf 86' lang='lat' dir='ltr'><strong>habeat</strong></span> <span class='ocrx_word' id='word_1_99' title='bbox 741 1874 843 1950; x_wconf 87' lang='lat' dir='ltr'><strong>etiam</strong></span> <span class='ocrx_word' id='word_1_100' title='bbox 860 1875 1052 1951; x_wconf 70' lang='lat' dir='ltr'><strong>inemtatem</strong></span> <span class='ocrx_word' id='word_1_101' title='bbox 1067 1874 1294 1979; x_wconf 87' lang='lat' dir='ltr'><strong>dispensandi</strong></span> <span class='ocrx_word' id='word_1_102' title='bbox 1308 1903 1353 1952; x_wconf 87' lang='lat' dir='ltr'><strong>su·</strong></span> 
     </span>
     <span class='ocr_line' id='line_1_15' title="bbox 246 1991 1351 2095; baseline 0.002 -30"><span class='ocrx_word' id='word_1_103' title='bbox 246 2018 309 2095; x_wconf 88' lang='lat' dir='ltr'><strong>par</strong></span> <span class='ocrx_word' id='word_1_104' title='bbox 328 1991 581 2094; x_wconf 73' lang='lat' dir='ltr'><strong>impedimentis</strong></span> <span class='ocrx_word' id='word_1_105' title='bbox 603 1991 908 2090; x_wconf 81' lang='lat' dir='ltr'><strong>consanguinitatis</strong></span> <span class='ocrx_word' id='word_1_106' title='bbox 928 2007 962 2065; x_wconf 92' lang='lat' dir='ltr'><strong>et</strong></span> <span class='ocrx_word' id='word_1_107' title='bbox 980 1992 1157 2069; x_wconf 85' lang='lat' dir='ltr'><strong>affinitatis</strong></span> <span class='ocrx_word' id='word_1_108' title='bbox 1182 1993 1351 2068; x_wconf 77' lang='lat' dir='ltr'><strong>faciliorem</strong></span> 
     </span>
     <span class='ocr_line' id='line_1_16' title="bbox 245 2105 1351 2209; baseline -0.004 -25"><span class='ocrx_word' id='word_1_109' title='bbox 245 2110 284 2184; x_wconf 85' lang='lat' dir='ltr'><strong>s&#39;e</strong></span> <span class='ocrx_word' id='word_1_110' title='bbox 298 2105 465 2209; x_wconf 80' lang='lat' dir='ltr'><strong>praebere</strong></span> <span class='ocrx_word' id='word_1_111' title='bbox 490 2105 612 2180; x_wconf 85' lang='lat' dir='ltr'><strong>debeat</strong></span> <span class='ocrx_word' id='word_1_112' title='bbox 627 2105 663 2178; x_wconf 91' lang='lat' dir='ltr'><strong>in</strong></span> <span class='ocrx_word' id='word_1_113' title='bbox 680 2105 876 2181; x_wconf 89' lang='lat' dir='ltr'><strong>huiusmodi</strong></span> <span class='ocrx_word' id='word_1_114' title='bbox 902 2106 1222 2207; x_wconf 81' lang='lat' dir='ltr'><strong>dispensationibus</strong></span> <span class='ocrx_word' id='word_1_115' title='bbox 1247 2131 1351 2184; x_wconf 84' lang='lat' dir='ltr'><strong>conce</strong></span> 
     </span>
     <span class='ocr_line' id='line_1_17' title="bbox 243 2219 1349 2321; baseline -0.002 -22"><span class='ocrx_word' id='word_1_116' title='bbox 243 2223 391 2313; x_wconf 78' lang='lat' dir='ltr'><strong>dandis,</strong></span> <span class='ocrx_word' id='word_1_117' title='bbox 418 2223 450 2299; x_wconf 88' lang='lat' dir='ltr'><strong>si</strong></span> <span class='ocrx_word' id='word_1_118' title='bbox 477 2221 543 2298; x_wconf 88' lang='lat' dir='ltr'><strong>hae</strong></span> <span class='ocrx_word' id='word_1_119' title='bbox 566 2219 697 2296; x_wconf 84' lang='lat' dir='ltr'><strong>ratione</strong></span> <span class='ocrx_word' id='word_1_120' title='bbox 722 2222 935 2296; x_wconf 90' lang='lat' dir='ltr'><strong>matrimonia</strong></span> <span class='ocrx_word' id='word_1_121' title='bbox 955 2221 1043 2296; x_wconf 93' lang='lat' dir='ltr'><strong>inter</strong></span> <span class='ocrx_word' id='word_1_122' title='bbox 1061 2222 1250 2300; x_wconf 88' lang='lat' dir='ltr'><strong>catholicos</strong></span> <span class='ocrx_word' id='word_1_123' title='bbox 1270 2223 1349 2321; x_wconf 75' lang='lat' dir='ltr'><strong>iungi</strong></span> 
     </span>
     <span class='ocr_line' id='line_1_18' title="bbox 245 2336 1385 2440; baseline -0.001 -26"><span class='ocrx_word' id='word_1_124' title='bbox 245 2346 409 2440; x_wconf 81' lang='lat' dir='ltr'><strong>possunt,</strong></span> <span class='ocrx_word' id='word_1_125' title='bbox 432 2364 535 2440; x_wconf 92' lang='lat' dir='ltr'><strong>quam</strong></span> <span class='ocrx_word' id='word_1_126' title='bbox 551 2339 588 2412; x_wconf 92' lang='lat' dir='ltr'><strong>in</strong></span> <span class='ocrx_word' id='word_1_127' title='bbox 605 2337 729 2412; x_wconf 83' lang='lat' dir='ltr'><strong>dandis</strong></span> <span class='ocrx_word' id='word_1_128' title='bbox 755 2336 1075 2438; x_wconf 81' lang='lat' dir='ltr'><strong>dispensationibus.</strong></span> <span class='ocrx_word' id='word_1_129' title='bbox 1092 2364 1200 2439; x_wconf 91' lang='lat' dir='ltr'><strong>super</strong></span> <span class='ocrx_word' id='word_1_130' title='bbox 1224 2337 1349 2439; x_wconf 88' lang='lat' dir='ltr'><strong>dispari·</strong></span> <span class='ocrx_word' id='word_1_131' title='bbox 1380 2338 1385 2351; x_wconf 85' lang='lat'>&#39;</span> 
     </span>
     <span class='ocr_line' id='line_1_19' title="bbox 247 2450 1348 2541; baseline -0.001 -14"><span class='ocrx_word' id='word_1_132' title='bbox 247 2468 315 2527; x_wconf 90' lang='lat' dir='ltr'><strong>tate</strong></span> <span class='ocrx_word' id='word_1_133' title='bbox 344 2453 476 2541; x_wconf 83' lang='lat' dir='ltr'><strong>cultus,</strong></span> <span class='ocrx_word' id='word_1_134' title='bbox 504 2452 549 2528; x_wconf 90' lang='lat' dir='ltr'><strong>ad</strong></span> <span class='ocrx_word' id='word_1_135' title='bbox 584 2452 764 2540; x_wconf 81' lang='lat' dir='ltr'><strong>effectum,</strong></span> <span class='ocrx_word' id='word_1_136' title='bbox 792 2466 830 2525; x_wconf 95' lang='lat' dir='ltr'><strong>ut</strong></span> <span class='ocrx_word' id='word_1_137' title='bbox 867 2450 1023 2525; x_wconf 91' lang='lat' dir='ltr'><strong>catholici</strong></span> <span class='ocrx_word' id='word_1_138' title='bbox 1055 2478 1134 2525; x_wconf 90' lang='lat' dir='ltr'><strong>cum</strong></span> <span class='ocrx_word' id='word_1_139' title='bbox 1168 2452 1348 2528; x_wconf 84' lang='lat' dir='ltr'><strong>infidelibus</strong></span> 
     </span>
     <span class='ocr_line' id='line_1_20' title="bbox 244 2568 1290 2643; baseline -0.007 -2"><span class='ocrx_word' id='word_1_140' title='bbox 244 2569 460 2643; x_wconf 88' lang='lat' dir='ltr'><strong>matrimonia</strong></span> <span class='ocrx_word' id='word_1_141' title='bbox 484 2568 694 2642; x_wconf 83' lang='lat' dir='ltr'><strong>contrahant.</strong></span> <span class='ocrx_word' id='word_1_142' title='bbox 1170 2573 1173 2577; x_wconf 80' lang='grc'>’</span> <span class='ocrx_word' id='word_1_143' title='bbox 1287 2630 1290 2634; x_wconf 89' lang='grc'>,</span> 
     </span>
    </p>

    <p class='ocr_par' dir='ltr' id='par_1_4' title="bbox 242 2679 1353 4404">
     <span class='ocr_line' id='line_1_21' title="bbox 318 2679 1350 2759; baseline -0.001 -5"><span class='ocrx_word' id='word_1_144' title='bbox 318 2685 353 2754; x_wconf 78' lang='lat'><strong>2.</strong></span> <span class='ocrx_word' id='word_1_145' title='bbox 382 2683 417 2754; x_wconf 90' lang='lat' dir='ltr'><strong>Si</strong></span> <span class='ocrx_word' id='word_1_146' title='bbox 441 2683 654 2756; x_wconf 87' lang='lat' dir='ltr'><strong>matrimonia</strong></span> <span class='ocrx_word' id='word_1_147' title='bbox 680 2682 748 2754; x_wconf 91' lang='lat' dir='ltr'><strong>iam</strong></span> <span class='ocrx_word' id='word_1_148' title='bbox 773 2679 856 2755; x_wconf 90' lang='lat' dir='ltr'><strong>inita</strong></span> <span class='ocrx_word' id='word_1_149' title='bbox 880 2682 1004 2756; x_wconf 83' lang='lat' dir='ltr'><strong>suerint</strong></span> <span class='ocrx_word' id='word_1_150' title='bbox 1025 2682 1114 2756; x_wconf 88' lang='lat' dir='ltr'><strong>inter</strong></span> <span class='ocrx_word' id='word_1_151' title='bbox 1129 2683 1312 2759; x_wconf 87' lang='lat' dir='ltr'><strong>catholicos</strong></span> <span class='ocrx_word' id='word_1_152' title='bbox 1325 2695 1350 2753; x_wconf 92' lang='lat' dir='ltr'><strong>et</strong></span> 
     </span>
     <span class='ocr_line' id='line_1_22' title="bbox 243 2795 1350 2899; baseline 0.001 -30"><span class='ocrx_word' id='word_1_153' title='bbox 243 2795 398 2871; x_wconf 84' lang='lat' dir='ltr'><strong>infideles</strong></span> <span class='ocrx_word' id='word_1_154' title='bbox 433 2797 506 2872; x_wconf 91' lang='lat' dir='ltr'><strong>sine</strong></span> <span class='ocrx_word' id='word_1_155' title='bbox 540 2797 676 2899; x_wconf 82' lang='lat' dir='ltr'><strong>praeuia</strong></span> <span class='ocrx_word' id='word_1_156' title='bbox 706 2798 961 2896; x_wconf 88' lang='lat' dir='ltr'><strong>dispensatione</strong></span> <span class='ocrx_word' id='word_1_157' title='bbox 991 2798 1227 2898; x_wconf 87' lang='lat' dir='ltr'><strong>impedimenti</strong></span> <span class='ocrx_word' id='word_1_158' title='bbox 1251 2799 1350 2898; x_wconf 84' lang='lat' dir='ltr'><strong>dispa</strong></span> 
     </span>
     <span class='ocr_line' id='line_1_23' title="bbox 243 2911 1347 3014; baseline -0.003 -28"><span class='ocrx_word' id='word_1_159' title='bbox 243 2912 353 2986; x_wconf 88' lang='lat' dir='ltr'><strong>ritatis</strong></span> <span class='ocrx_word' id='word_1_160' title='bbox 377 2911 510 3001; x_wconf 89' lang='lat' dir='ltr'><strong>cultus,</strong></span> <span class='ocrx_word' id='word_1_161' title='bbox 537 2928 616 2986; x_wconf 91' lang='lat' dir='ltr'><strong>tunc</strong></span> <span class='ocrx_word' id='word_1_162' title='bbox 641 2914 878 2988; x_wconf 88' lang='lat' dir='ltr'><strong>missionarius</strong></span> <span class='ocrx_word' id='word_1_163' title='bbox 903 2915 1057 3014; x_wconf 86' lang='lat' dir='ltr'><strong>sequenti</strong></span> <span class='ocrx_word' id='word_1_164' title='bbox 1083 2941 1180 2989; x_wconf 90' lang='lat' dir='ltr'><strong>more</strong></span> <span class='ocrx_word' id='word_1_165' title='bbox 1198 2943 1238 2989; x_wconf 89' lang='lat' dir='ltr'><strong>se</strong></span> <span class='ocrx_word' id='word_1_166' title='bbox 1253 2928 1347 3013; x_wconf 84' lang='lat' dir='ltr'><strong>gerat:</strong></span> 
     </span>
     <span class='ocr_line' id='line_1_24' title="bbox 244 3028 1350 3129; baseline 0.001 -27"><span class='ocrx_word' id='word_1_167' title='bbox 244 3040 339 3103; x_wconf 86' lang='lat' dir='ltr'><strong>curet</strong></span> <span class='ocrx_word' id='word_1_168' title='bbox 362 3054 483 3129; x_wconf 84' lang='lat' dir='ltr'><strong>nempe</strong></span> <span class='ocrx_word' id='word_1_169' title='bbox 500 3031 535 3100; x_wconf 90' lang='lat'><strong>1.</strong></span> <span class='ocrx_word' id='word_1_170' title='bbox 550 3044 586 3101; x_wconf 92' lang='lat' dir='ltr'><strong>ut</strong></span> <span class='ocrx_word' id='word_1_171' title='bbox 603 3054 664 3102; x_wconf 92' lang='lat' dir='ltr'><strong>eae</strong></span> <span class='ocrx_word' id='word_1_172' title='bbox 685 3028 957 3129; x_wconf 82' lang='lat' dir='ltr'><strong>dispensationes</strong></span> <span class='ocrx_word' id='word_1_173' title='bbox 984 3030 1120 3104; x_wconf 91' lang='lat' dir='ltr'><strong>nonnisi</strong></span> <span class='ocrx_word' id='word_1_174' title='bbox 1146 3056 1227 3105; x_wconf 87' lang='lat' dir='ltr'><strong>vore</strong></span> <span class='ocrx_word' id='word_1_175' title='bbox 1250 3030 1350 3105; x_wconf 87' lang='lat' dir='ltr'><strong>catho-</strong></span> 
     </span>
     <span class='ocr_line' id='line_1_25' title="bbox 242 3142 1350 3246; baseline -0.003 -27"><span class='ocrx_word' id='word_1_176' title='bbox 242 3142 319 3220; x_wconf 89' lang='lat' dir='ltr'><strong>licis</strong></span> <span class='ocrx_word' id='word_1_177' title='bbox 344 3143 601 3242; x_wconf 82' lang='lat' dir='ltr'><strong>indulgeantur,</strong></span> <span class='ocrx_word' id='word_1_178' title='bbox 622 3161 656 3218; x_wconf 91' lang='lat' dir='ltr'><strong>et</strong></span> <span class='ocrx_word' id='word_1_179' title='bbox 672 3145 731 3218; x_wconf 90' lang='lat' dir='ltr'><strong>ubi</strong></span> <span class='ocrx_word' id='word_1_180' title='bbox 749 3146 871 3218; x_wconf 86' lang='lat' dir='ltr'><strong>coniux</strong></span> <span class='ocrx_word' id='word_1_181' title='bbox 889 3147 923 3217; x_wconf 91' lang='lat' dir='ltr'><strong>in</strong></span> <span class='ocrx_word' id='word_1_182' title='bbox 943 3145 1142 3220; x_wconf 86' lang='lat' dir='ltr'><strong>infidelitate</strong></span> <span class='ocrx_word' id='word_1_183' title='bbox 1162 3170 1350 3246; x_wconf 88' lang='lat' dir='ltr'><strong>permaneus</strong></span> 
     </span>
     <span class='ocr_line' id='line_1_26' title="bbox 243 3259 1351 3362; baseline -0.001 -25"><span class='ocrx_word' id='word_1_184' title='bbox 243 3259 407 3362; x_wconf 83' lang='lat' dir='ltr'><strong>baptizari</strong></span> <span class='ocrx_word' id='word_1_185' title='bbox 434 3261 564 3349; x_wconf 90' lang='lat' dir='ltr'><strong>renuit;</strong></span> <span class='ocrx_word' id='word_1_186' title='bbox 588 3263 622 3332; x_wconf 74' lang='grc'><strong>2.</strong></span> <span class='ocrx_word' id='word_1_187' title='bbox 643 3277 680 3334; x_wconf 92' lang='lat' dir='ltr'><strong>ut</strong></span> <span class='ocrx_word' id='word_1_188' title='bbox 697 3278 776 3335; x_wconf 88' lang='lat' dir='ltr'><strong>tunc</strong></span> <span class='ocrx_word' id='word_1_189' title='bbox 798 3262 1010 3336; x_wconf 88' lang='lat' dir='ltr'><strong>solummodo</strong></span> <span class='ocrx_word' id='word_1_190' title='bbox 1037 3264 1269 3339; x_wconf 87' lang='lat' dir='ltr'><strong>concedantur</strong></span> <span class='ocrx_word' id='word_1_191' title='bbox 1288 3287 1351 3337; x_wconf 87' lang='lat' dir='ltr'><strong>cum</strong></span> 
     </span>
     <span class='ocr_line' id='line_1_27' title="bbox 243 3375 1350 3475; baseline 0 -27"><span class='ocrx_word' id='word_1_192' title='bbox 243 3400 284 3448; x_wconf 81' lang='lat' dir='ltr'><strong>er</strong></span> <span class='ocrx_word' id='word_1_193' title='bbox 308 3376 520 3475; x_wconf 82' lang='lat' dir='ltr'><strong>separatione</strong></span> <span class='ocrx_word' id='word_1_194' title='bbox 544 3376 660 3472; x_wconf 84' lang='lat' dir='ltr'><strong>gravia</strong></span> <span class='ocrx_word' id='word_1_195' title='bbox 686 3375 922 3475; x_wconf 84' lang='lat' dir='ltr'><strong>praevidentur</strong></span> <span class='ocrx_word' id='word_1_196' title='bbox 948 3375 1163 3449; x_wconf 86' lang='lat' dir='ltr'><strong>incommoda</strong></span> <span class='ocrx_word' id='word_1_197' title='bbox 1189 3394 1350 3460; x_wconf 62' lang='lat' dir='ltr'><strong>secutura</strong></span> 
     </span>
     <span class='ocr_line' id='line_1_28' title="bbox 245 3491 1353 3593; baseline -0.001 -29"><span class='ocrx_word' id='word_1_198' title='bbox 245 3492 278 3564; x_wconf 74' lang='lat' dir='ltr'><strong>d.</strong></span> <span class='ocrx_word' id='word_1_199' title='bbox 301 3492 344 3567; x_wconf 90' lang='lat' dir='ltr'><strong>Ut</strong></span> <span class='ocrx_word' id='word_1_200' title='bbox 359 3493 498 3568; x_wconf 91' lang='lat' dir='ltr'><strong>eaedem</strong></span> <span class='ocrx_word' id='word_1_201' title='bbox 518 3492 788 3591; x_wconf 84' lang='lat' dir='ltr'><strong>dispensationes</strong></span> <span class='ocrx_word' id='word_1_202' title='bbox 808 3492 912 3588; x_wconf 80' lang='lat' dir='ltr'><strong>gratis</strong></span> <span class='ocrx_word' id='word_1_203' title='bbox 934 3492 1071 3564; x_wconf 88' lang='lat' dir='ltr'><strong>omnino</strong></span> <span class='ocrx_word' id='word_1_204' title='bbox 1092 3506 1127 3564; x_wconf 91' lang='lat' dir='ltr'><strong>et</strong></span> <span class='ocrx_word' id='word_1_205' title='bbox 1147 3493 1281 3593; x_wconf 89' lang='lat' dir='ltr'><strong>absque</strong></span> <span class='ocrx_word' id='word_1_206' title='bbox 1295 3491 1353 3565; x_wconf 91' lang='lat' dir='ltr'><strong>ulla</strong></span> 
     </span>
     <span class='ocr_line' id='line_1_29' title="bbox 243 3606 1353 3706; baseline -0.003 -27"><span class='ocrx_word' id='word_1_207' title='bbox 243 3630 383 3704; x_wconf 85' lang='lat' dir='ltr'><strong>prorsus</strong></span> <span class='ocrx_word' id='word_1_208' title='bbox 408 3606 561 3681; x_wconf 87' lang='lat' dir='ltr'><strong>mercede</strong></span> <span class='ocrx_word' id='word_1_209' title='bbox 578 3607 832 3706; x_wconf 89' lang='lat' dir='ltr'><strong>impertiantur;</strong></span> <span class='ocrx_word' id='word_1_210' title='bbox 850 3608 932 3679; x_wconf 72' lang='lat' dir='ltr'><strong>dut</strong></span> <span class='ocrx_word' id='word_1_211' title='bbox 944 3607 979 3678; x_wconf 93' lang='lat' dir='ltr'><strong>in</strong></span> <span class='ocrx_word' id='word_1_212' title='bbox 994 3608 1218 3681; x_wconf 85' lang='lat' dir='ltr'><strong>concessione</strong></span> <span class='ocrx_word' id='word_1_213' title='bbox 1234 3606 1353 3703; x_wconf 80' lang='lat' dir='ltr'><strong>coniugi</strong></span> 
     </span>
     <span class='ocr_line' id='line_1_30' title="bbox 243 3719 1353 3824; baseline -0.001 -31"><span class='ocrx_word' id='word_1_214' title='bbox 243 3719 408 3793; x_wconf 88' lang='lat' dir='ltr'><strong>catholico</strong></span> <span class='ocrx_word' id='word_1_215' title='bbox 429 3720 699 3808; x_wconf 83' lang='lat' dir='ltr'><strong>commendetur,</strong></span> <span class='ocrx_word' id='word_1_216' title='bbox 722 3735 825 3819; x_wconf 86' lang='lat' dir='ltr'><strong>atque</strong></span> <span class='ocrx_word' id='word_1_217' title='bbox 841 3721 1036 3818; x_wconf 84' lang='lat' dir='ltr'><strong>iniungatur</strong></span> <span class='ocrx_word' id='word_1_218' title='bbox 1049 3721 1221 3796; x_wconf 86' lang='lat' dir='ltr'><strong>catholica</strong></span> <span class='ocrx_word' id='word_1_219' title='bbox 1232 3747 1353 3824; x_wconf 91' lang='lat' dir='ltr'><strong>quoque</strong></span> 
     </span>
     <span class='ocr_line' id='line_1_31' title="bbox 244 3833 1352 3938; baseline 0.002 -34"><span class='ocrx_word' id='word_1_220' title='bbox 244 3833 349 3932; x_wconf 90' lang='lat' dir='ltr'><strong>prolis</strong></span> <span class='ocrx_word' id='word_1_221' title='bbox 376 3834 551 3922; x_wconf 88' lang='lat' dir='ltr'><strong>educatio,</strong></span> <span class='ocrx_word' id='word_1_222' title='bbox 580 3852 612 3909; x_wconf 90' lang='lat' dir='ltr'><strong>et</strong></span> <span class='ocrx_word' id='word_1_223' title='bbox 639 3834 730 3935; x_wconf 88' lang='lat' dir='ltr'><strong>quod</strong></span> <span class='ocrx_word' id='word_1_224' title='bbox 755 3862 874 3908; x_wconf 90' lang='lat' dir='ltr'><strong>curare</strong></span> <span class='ocrx_word' id='word_1_225' title='bbox 898 3834 1042 3923; x_wconf 88' lang='lat' dir='ltr'><strong>debeat,</strong></span> <span class='ocrx_word' id='word_1_226' title='bbox 1072 3836 1173 3910; x_wconf 93' lang='lat' dir='ltr'><strong>modo</strong></span> <span class='ocrx_word' id='word_1_227' title='bbox 1200 3865 1269 3938; x_wconf 91' lang='lat' dir='ltr'><strong>quo</strong></span> <span class='ocrx_word' id='word_1_228' title='bbox 1293 3836 1352 3910; x_wconf 84' lang='lat' dir='ltr'><strong>fieri</strong></span> 
     </span>
     <span class='ocr_line' id='line_1_32' title="bbox 243 3949 1353 4050; baseline 0.003 -29"><span class='ocrx_word' id='word_1_229' title='bbox 243 3949 385 4047; x_wconf 89' lang='lat' dir='ltr'><strong>poterit,</strong></span> <span class='ocrx_word' id='word_1_230' title='bbox 421 3951 575 4050; x_wconf 78' lang='lat' dir='ltr'><strong>coniugis</strong></span> <span class='ocrx_word' id='word_1_231' title='bbox 602 3950 751 4025; x_wconf 86' lang='lat' dir='ltr'><strong>infidelis</strong></span> <span class='ocrx_word' id='word_1_232' title='bbox 784 3951 1068 4038; x_wconf 63' lang='lat' dir='ltr'><strong>conversionem</strong></span> <span class='ocrx_word' id='word_1_233' title='bbox 1102 3955 1138 4023; x_wconf 83' lang='lat' dir='ltr'><strong>t.</strong></span> <span class='ocrx_word' id='word_1_234' title='bbox 1167 3970 1208 4026; x_wconf 92' lang='lat' dir='ltr'><strong>ut</strong></span> <span class='ocrx_word' id='word_1_235' title='bbox 1231 3951 1353 4027; x_wconf 89' lang='lat' dir='ltr'><strong>easdem</strong></span> 
     </span>
     <span class='ocr_line' id='line_1_33' title="bbox 243 4062 1353 4168; baseline -0.003 -29"><span class='ocrx_word' id='word_1_236' title='bbox 243 4062 515 4161; x_wconf 83' lang='lat' dir='ltr'><strong>dispensationes</strong></span> <span class='ocrx_word' id='word_1_237' title='bbox 549 4067 766 4168; x_wconf 87' lang='lat' dir='ltr'><strong>impetrantes</strong></span> <span class='ocrx_word' id='word_1_238' title='bbox 799 4068 1007 4140; x_wconf 90' lang='lat' dir='ltr'><strong>instruantur</strong></span> <span class='ocrx_word' id='word_1_239' title='bbox 1036 4093 1142 4166; x_wconf 90' lang='lat' dir='ltr'><strong>super</strong></span> <span class='ocrx_word' id='word_1_240' title='bbox 1171 4066 1353 4143; x_wconf 86' lang='lat' dir='ltr'><strong>necessaria</strong></span> 
     </span>
     <span class='ocr_line' id='line_1_34' title="bbox 245 4181 1352 4284; baseline 0.01 -35"><span class='ocrx_word' id='word_1_241' title='bbox 245 4181 458 4257; x_wconf 86' lang='lat' dir='ltr'><strong>renovatione</strong></span> <span class='ocrx_word' id='word_1_242' title='bbox 482 4209 688 4269; x_wconf 86' lang='lat' dir='ltr'><strong>consensus,</strong></span> <span class='ocrx_word' id='word_1_243' title='bbox 711 4185 769 4284; x_wconf 92' lang='lat' dir='ltr'><strong>qui</strong></span> <span class='ocrx_word' id='word_1_244' title='bbox 796 4183 851 4257; x_wconf 67' lang='lat' dir='ltr'><strong>ad&#39;</strong></span> <span class='ocrx_word' id='word_1_245' title='bbox 867 4185 1118 4283; x_wconf 86' lang='lat' dir='ltr'><strong>persecutiones</strong></span> <span class='ocrx_word' id='word_1_246' title='bbox 1140 4201 1173 4260; x_wconf 91' lang='lat' dir='ltr'><strong>et</strong></span> <span class='ocrx_word' id='word_1_247' title='bbox 1198 4185 1244 4260; x_wconf 90' lang='lat' dir='ltr'><strong>ad</strong></span> <span class='ocrx_word' id='word_1_248' title='bbox 1269 4209 1352 4259; x_wconf 84' lang='lat' dir='ltr'><strong>scan-</strong></span> 
     </span>
     <span class='ocr_line' id='line_1_35' title="bbox 244 4292 1351 4404; baseline 0.005 -38"><span class='ocrx_word' id='word_1_249' title='bbox 244 4292 324 4369; x_wconf 79' lang='lat' dir='ltr'><strong>dala</strong></span> <span class='ocrx_word' id='word_1_250' title='bbox 348 4294 552 4375; x_wconf 87' lang='lat' dir='ltr'><strong>declinanda</strong></span> <span class='ocrx_word' id='word_1_251' title='bbox 576 4314 630 4375; x_wconf 89' lang='lat' dir='ltr'><strong>sat</strong></span> <span class='ocrx_word' id='word_1_252' title='bbox 653 4299 733 4388; x_wconf 90' lang='lat' dir='ltr'><strong>erit,</strong></span> <span class='ocrx_word' id='word_1_253' title='bbox 754 4316 791 4374; x_wconf 91' lang='lat' dir='ltr'><strong>ut</strong></span> <span class='ocrx_word' id='word_1_254' title='bbox 808 4300 895 4376; x_wconf 84' lang='lat' dir='ltr'><strong>inter</strong></span> <span class='ocrx_word' id='word_1_255' title='bbox 911 4298 1003 4379; x_wconf 83' lang='lat' dir='ltr'><strong>solos</strong></span> <span class='ocrx_word' id='word_1_256' title='bbox 1023 4301 1188 4400; x_wconf 80' lang='lat' dir='ltr'><strong>coniuges</strong></span> <span class='ocrx_word' id='word_1_257' title='bbox 1210 4297 1351 4404; x_wconf 86' lang='lat' dir='ltr'><strong>priratirn</strong></span> 
     </span>
    </p>
   </div>
   <div class='ocr_carea' id='block_1_3' title="bbox 0 0 1406 5062">
    <p class='ocr_par' dir='ltr' id='par_1_5' title="bbox 0 0 1406 5062">
     <span class='ocr_line' id='line_1_36' title="bbox 0 0 1406 5062; baseline 0 0"><span class='ocrx_word' id='word_1_258' title='bbox 0 0 1406 5062; x_wconf 95' lang='lat' dir='ltr'><strong> </strong></span> 
     </span>
    </p>
   </div>
  </div>
 </body>
</html>
