2804 5062
199 372 1135 433 crettosrorrsrsurc.crocu.sacramentarii.
1178 359 1246 436 d'll

142 507 375 588 argumentum
399 492 489 591 qnod
508 517 548 566 ex
566 495 760 568 auctoritate
779 494 984 597 depromitur
1002 492 1250 598 magistlreolo

140 633 260 706 gerum
278 626 464 684 exterorum
484 612 670 686 sententiae
686 613 816 698 lavere,
832 609 1103 713 qnicon'trariam
1121 610 1246 704 tenent.

142 750 243 825 quam
269 725 434 822 gallorum
457 726 579 825 placito
602 731 691 821 (59).
842 726 845 731 ’

213 837 336 926 Quoad
353 866 416 914 nos
434 843 588 940 quaestio
602 840 686 914 haec
701 842 866 942 dirempta
886 844 952 914 iam
968 859 1022 916 est
1039 871 1080 917 ex
1100 844 1142 917 iis
1160 868 1250 945 quae

142 955 305 1029 hactenus
317 957 558 1055 exposuimus,
576 958 773 1055 praesertim
786 973 849 1031 art.
860 959 1085 1056 praecedenti,
1098 978 1250 1060 quotum

141 1095 161 1141 a
183 1070 289 1170 priori
315 1087 382 1144 tam
405 1098 426 1145 a
450 1073 624 1171 posteriori
651 1071 881 1161 ostendimus,
909 1071 1000 1147 nulla
1025 1074 1250 1149 ratione-eon·

141 1184 256 1257 venire
279 1210 381 1283 posse
405 1186 616 1286 principibus
634 1188 687 1260 ius
704 1187 923 1283 originarium
949 1187 1122 1262 statuendi
1144 1189 1250 1288 impe-

139 1297 291 1372 dimenta
314 1299 506 1374 dirimentia
531 1301 689 1398 coniugia
714 1301 877 1375 fidelium.
907 1302 1015 1374 llunc¹
1029 1302 1251 1377 nihilominus

143 1412 323 1486 articulum
346 1414 491 1488 adiicere
516 1415 684 1491 voluimus
709 1415 752 1488 ad
777 1415 987 1490 discutienda
1016 1417 1154 1516 propius
1180 1417 1252 1490 lun·

142 1526 319 1615 damenta,
346 1530 472 1628 quibus
490 1528 633 1628 theologi
644 1584 647 1591 .
659 1530 724 1604 hac
744 1531 779 1602 in
800 1557 835 1604 re
853 1531 1060 1630 principibus
1078 1532 1246 1619 laverunt,

139 1661 177 1718 ut
200 1645 312 1743 magis
337 1647 524 1720 innoteseat
547 1646 690 1719 illorum
706 1646 899 1720 infirmitas
914 1649 956 1719 Ut
980 1662 1092 1720 autem
1117 1649 1250 1747 perspi-

138 1760 255 1833 cuitati
281 1760 498 1849 studeamus,
526 1761 586 1835 illa
611 1762 677 1835 hoc
700 1761 1102 1835 ordine-distribuamus:
1126 1787 1250 1861 expem

139 1875 261 1950 domus
275 1878 487 1951 1.rationum
500 1895 669 1951 momenta
681 1879 881 1963 intrinseca;
899 1880 933 1949 2.
946 1872 1115 1950 momenta
1129 1875 1251 1950 sutrin-

138 2015 241 2078 seca;
271 2007 304 2065 et
328 1995 362 2064 3.
386 1991 545 2067 nonnulla
564 1989 759 2090 singillatim
778 1993 813 2063 in
830 1990 873 2064 cl.
890 1986 1042 2064 Garri'ere
1063 1991 1250 2065 doctrinam

136 2108 456 2181 animadvertemus.

213 2223 412 2296 Profitemur
436 2238 545 2297 autem
572 2224 670 2296 nobis
697 2224 787 2297 haud
806 2224 972 2296 inanimo
992 2247 1069 2296 esse
1087 2224 1250 2321 attingere

140 2364 327 2438 personas,
355 2365 441 2438 quas
470 2338 584 2412 debito
617 2339 854 2437 prosequimur
886 2331 1086 2437 obsequio(
1105 2360 1251 2438 onmqae

138 2453 339 2528 nominatim
358 2478 458 2551 agere
478 2453 662 2530 debeamus
678 2453 722 2524 de
735 2453 903 2526 'sentemm
918 2451 1087 2539 Garriere,
1107 2452 1142 2524 in
1160 2479 1251 2526 men·

139 2587 209 2644 tom
235 2563 356 2643 iterum
380 2569 540 2643 lectorum
565 2562 781 2655 revocamus,
810 2593 897 2667 quae
920 2568 964 2640 de
988 2565 1053 2642 hoc
1078 2585 1252 2668 praestan·

138 2686 273 2761 tesino
298 2686 371 2760 viro
397 2684 589 2773 attulimus,
614 2687 675 2785 qui
699 2701 814 2785 utpote
839 2684 916 2785 pius
936 2701 971 2758 et
989 2683 1108 2759 doctus
1124 2685 1252 2761 veritas

130 2826 207 2874 -non
224 2816 293 2888 est,
315 2825 403 2900 quae
420 2815 518 2873 antea
535 2801 717 2900 scripserat
736 2801 847 2873 minus
872 2797 1056 2874 conformia
1080 2797 1251 2883 doetrinae

136 2915 305 2990 eeclesiae
331 2941 506 3003 romanae,
532 2915 726 2988 relicere-ac
742 2931 931 2989 retractare.
953 2915 1112 3014 Adeoque
1128 2940 1184 2989 res
1200 2930 1252 2990 est

137 3031 185 3106 de
200 3031 274 3105 sola
290 3032 460 3119 doctrina,
482 3057 583 3131 quam
605 3032 704 3104 unice
724 3033 947 3118 insectemur,
968 3032 1104 3130 nequis
1122 3033 1250 3104 ineam

138 3148 317 3221 incurrens
343 3162 575 3248 permoveatur
598 3149 804 3245 argumentis
822 3146 946 3247 quibus
964 3146 1022 3219 illa
1040 3146 1168 3232 fulciri,
1188 3146 1250 3220 sti-

140 3264 286 3364 pat-ique
310 3266 528 3364 perspexerit.
546 3266 621 3350 Qua
641 3264 867 3337 admonitione
894 3289 935 3336 ex
960 3254 1088 3336 iustitia
1113 3278 1146 3334 et
1169 3260 1251 3335 olra-

139 3380 239 3452 ritate
263 3382 470 3479 praemissa,
500 3381 550 3452 sie
576 3381 640 3452 iam
669 3379 857 3452 accedimus
883 3379 925 3452 ad
953 3378 987 3449 id
1013 3367 1109 3477 qaod
1129 3402 1249 3477 propo-

138 3494 286 3567 suimus.

212 3608 417 3707 Argumenta
442 3609 625 3682 intrinseca
649 3634 689 3682 ea
715 3625 812 3695 sunt,
841 3632 928 3706 quae
952 3633 993 3679 ex
1017 3608 1092 3708 ipsa
1118 3607 1251 3706 reique

137 3722 182 3798 de
206 3723 338 3820 aglaum
364 3741 483 3797 natura
508 3722 741 3810 efflorescunt;
768 3739 847 3795 sunt
870 3738 981 3795 autem
1007 3722 1091 3795 haee
1117 3719 1252 3821 potissi·

136 3864 244 3912 mum.
269 3843 303 3910 l.
322 3842 471 3914 Potestas
492 3841 583 3937 regia
602 3840 644 3911 ad
667 3837 941 3937 tranquillitatem
967 3837 1160 3937 bonumque
1185 3835 1251 3909 rei-

136 3956 297 4058 publicae
323 3974 374 4030 est
400 3954 612 4055 potissimum
647 3955 823 4040 instituta;
859 3954 932 4026 eins
967 3953 1107 4053 proinde
1139 3951 1250 4026 estid

136 4073 229 4173 quod
260 4072 305 4146 ad
335 4072 435 4145 linem
472 4072 562 4145 huno
587 4070 804 4143 obtinendum
838 4071 1018 4170 requiritur
1047 4070 1248 4170 providere,

135 4188 329 4264 cuiusmodi
356 4204 408 4262 est
431 4187 519 4260 circa
550 4185 760 4260 matrimonia
785 4185 933 4258 ineunda
958 4184 1048 4284 leges
1079 4186 1165 4259 lerre
1190 4184 1248 4257 illa

207 4338 261 4399 (te)
276 4339 359 4388 Tract.
370 4338 412 4387 ott.
421 4339 481 4388 tom.
495 4340 515 4387 1.
527 4339 585 4387 seat.
595 4339 614 4386 1.
629 4340 719 4400 puncto
730 4345 752 4388 t.
766 4350 791 4388 n.
804 4341 849 4387 547
860 4348 930 4399 seqq.
