2804 5062
200 377 1137 474 mrmrrrorrs.ramum.crarnraeamsraarnv.
1182 375 1248 447 teo

144 516 299 594 delinivit
321 515 500 592 concilium
517 516 581 592 sub
598 515 820 592 anathematis
839 516 1107 592 interminatione
1128 520 1250 590 causas

146 631 406 708 matrimoniales
430 630 474 707 ed
499 631 627 707 iudices
654 631 897 707 ecclesiasticos
921 646 1091 732 spectare,
1112 630 1142 704 si
1160 631 1253 733 prin-

144 749 239 848 cipes
257 748 452 823 huiusmodi
471 747 657 823 revocando
674 748 940 835 concessionem,
961 748 1073 847 ipsum
1091 772 1251 822 canonem

146 861 270 938 falsum
294 861 436 939 reddere
460 861 674 964 potuissent?

217 974 366 1052 'landem
378 1003 466 1079 quae
478 977 521 1050 de
534 976 751 1079 sponsalibus
777 976 887 1066 addit,
915 1003 1060 1051 ermrem
1084 974 1255 1051 continent

144 1092 181 1166 in
204 1089 317 1179 Bulla,
340 1106 378 1165 ut
401 1090 565 1180 diximus,
590 1091 640 1165 Pii
659 1092 713 1164 vl.
735 1091 862 1165 iamdiu
888 1090 1073 1177 confixum,
1092 1089 1173 1190 quia
1188 1088 1253 1163 etsi

144 1203 319 1306 sponsalia
343 1221 587 1280 sacramentum
613 1232 680 1281 non
706 1207 792 1295 sint,
812 1206 856 1282 ad
875 1215 1119 1280 sacramentum
1143 1216 1253 1277 tamen

145 1320 335 1396 referuntur
357 1321 457 1421 eiquo
481 1320 672 1409 subiacent,
699 1337 737 1397 ut
761 1347 823 1396 suo
846 1324 920 1397 loco
944 1320 1173 1420 exposuimus.

218 1433 355 1509 lnterlm
373 1454 414 1508 ex
431 1434 593 1510 hactenus
619 1434 784 1510 discussis
810 1450 899 1535 patet
924 1458 1166 1535 quamverum
1191 1432 1251 1521 sit,

141 1570 226 1637 eos,
246 1548 305 1650 qni
325 1563 391 1624 non
412 1549 557 1624 contenti
582 1549 747 1624 limitibus
772 1549 841 1624 illis
867 1550 990 1651 quibus
1015 1547 1123 1623 civilis
1141 1562 1256 1622 aucto-

146 1664 229 1738 ritas
249 1662 436 1738 continetur
452 1664 543 1740 circa
559 1690 680 1739 causas
702 1662 983 1750 matrimoniales,
1003 1661 1127 1736 vellent
1146 1658 1256 1735 eidem

144 1778 314 1866 tribuere,
335 1778 425 1878 quod
443 1779 613 1880 proprium
635 1777 797 1853 ecclesiae
820 1793 892 1864 est,
916 1776 959 1852 ad
985 1800 1127 1875 eamque
1144 1773 1257 1849 exclu-

144 1895 220 1969 sive
243 1893 428 1995 pertinent,
456 1893 556 1968 inniti
581 1892 825 1968 assertionibus
847 1893 1021 1993 qrotur'tis,
1042 1889 1152 1991 solen,
1173 1896 1257 1963 sero

145 2011 238 2094 nois,
272 2007 546 2095 hoereticoliboe,
580 2007 766 2108 iamdiuque
798 2008 840 2082 ab
869 2007 1003 2082 ecclesio
1026 2006 1255 2110 prosett'ptr'e3

146 2123 289 2224 fierique
309 2121 402 2197 nulla
426 2123 688 2223 rationepotest
708 2124 798 2198 utin
819 2150 877 2199 eas
902 2148 968 2197 non
990 2121 1157 2221 impingat
1180 2120 1257 2221 qui-

146 2258 294 2339 cumque
317 2235 406 2313 idem
431 2238 639 2342 propositum
664 2240 822 2341 persequi
846 2237 940 2315 volit.

568 2436 734 2498 ΟΔΡΙΙῙ
754 2439 838 2496 111.

322 2595 363 2668 os'
387 2607 483 2670 nent
508 2617 682 2670 rorrsrrrs
707 2615 875 2687 sarsurus
900 2595 1083 2670 rariustrorr'

498 2733 615 2816 armrs
633 2735 673 2785 un
690 2734 922 2787 surmuonrurr.

575 2889 782 2949 sustentus
802 2890 824 2947 1.

150 3031 302 3109 Principes
321 3028 453 3092 mneos
476 3032 522 3092 tas
540 3047 600 3092 non
620 3031 730 3093 hebent
753 3031 948 3094 mustttnendt
965 3029 1173 3110 tmpedtrnenta
1192 3035 1253 3094 ma·

224 3129 394 3190 emortum
410 3127 572 3190 tundalum
586 3129 751 3192 dtrtmentta
763 3132 882 3209 sutsque
894 3130 1007 3208 ambas
1016 3131 1181 3192 nullatenus
1191 3131 1254 3191 vta·

225 3223 322 3285 cutom
340 3225 481 3303 attingere
501 3231 631 3302 possunt.

226 3405 387 3495 Quemvis
411 3407 553 3483 instituti
572 3409 676 3484 nostri
696 3411 779 3486 ratio
796 3407 957 3510 postulet,
977 3424 1014 3484 ut
1031 3405 1074 3481 de
1089 3406 1179 3484 crrili
1197 3434 1258 3508 po-

150 3535 271 3598 testate
287 3520 464 3622 loquamur
480 3523 583 3598 relate
599 3525 642 3600 ad
659 3523 907 3599 matrimonium
928 3523 1161 3611 christianum,
1184 3549 1259 3599 see-

150 3634 231 3737 pius
256 3651 366 3709 tamen
384 3635 427 3710 ob
444 3663 554 3711 rerum
572 3665 693 3713 nexum
711 3637 754 3712 dc
770 3637 930 3735 coniugio
952 3638 1053 3712 etiam
1071 3637 1259 3713 infidelium

149 3748 263 3849 deque
288 3746 474 3823 infidelium
499 3751 688 3852 principum
705 3752 741 3825 in
759 3750 842 3825 illud
861 3764 1022 3850 potestate
1038 3752 1177 3827 innuere
1197 3751 1261 3825 ali·

149 3862 236 3967 quid
253 3862 444 3938 debuimus.
462 3865 587 3942 Revera
603 3865 646 3942 de
663 3866 874 3942 matrimonio
891 3865 1075 3942 christiano
1093 3868 1147 3966 agi
1169 3892 1260 3942 com-

151 3978 242 4080 plete
267 4006 334 4055 non
360 3997 487 4078 potest,
508 3982 573 4055 nisi
590 3982 691 4056 etiam
717 3981 866 4081 seposita
892 3981 1090 4055 sacramenti
1117 3983 1256 4072 ratione,

151 4095 342 4169 infidelium
367 4097 616 4171 matrimonium
642 4097 677 4169 in
696 4123 758 4171 sua
776 4096 936 4171 relatione
954 4095 997 4169 ad
1021 4095 1153 4170 civilem
1171 4113 1261 4196 pote

151 4225 275 4287 statem
292 4227 470 4312 spectetur.
490 4212 558 4287 Nos
574 4237 654 4286 uero
672 4228 741 4286 tum
759 4212 793 4284 in
811 4211 892 4299 hoc,
914 4225 984 4285 tum
1001 4211 1036 4284 io
1051 4210 1162 4312 priore
1174 4212 1260 4286 libro

152 4324 267 4426 palam
293 4326 435 4428 professi
462 4342 580 4422 sumtu
603 4326 715 4426 ipsum
744 4323 931 4403 infidelium
963 4324 1212 4413 matrimonium
1238 4351 1258 4399 a
