2804 5062
147 151 216 223 228
380 174 442 225 un.
465 175 501 225 rr.
523 175 611 226 sacr.
632 176 656 226 1.
678 174 718 225 nr
735 172 867 225 rorrsr..
885 170 1013 225 ιιιιιο.

135 293 211 367 cito
235 290 387 364 eiusdem
412 291 505 366 sedis
530 291 684 380 decreto,
708 291 837 392 quoad
858 289 946 365 alias
964 290 1127 389 ηςίοιιω
1149 304 1257 366 exttrr·

146 407 255 481 datur.

219 521 284 594 Sed
302 536 449 621 praestat
466 521 509 595 ad
527 523 758 621 quaestionem
783 546 923 621 prorsus
944 520 1175 596 dirimendam
1192 539 1255 597 trun

147 638 339 737 antiquiora
358 653 425 710 tum
447 639 629 713 recentiora
648 639 849 712 documenta
866 639 902 710 in
920 638 1071 711 medium
1097 639 1252 738 preferre.

148 754 256 852 Atque
273 758 346 826 uta
364 753 587 827 matrimoniis
612 755 727 828 mixtis
754 754 980 854 incipiamus,
1003 754 1154 854 primum
1179 753 1254 827 milri

148 896 185 943 se
212 895 249 942 sa
274 869 371 942 ollert
398 869 573 944 instructio
598 897 619 943 a
644 870 725 945 sede
750 870 932 970 apostolica
960 869 1042 944 data
1064 868 1112 946 ad
1138 871 1255 971 episoo

153 1012 232 1083 pum
258 985 519 1058 rosnaviensem.
537 985 620 1059 Cum
640 986 730 1059 enim
756 1011 846 1059 anno
872 987 980 1058 1780.
997 984 1057 1059 ille
1082 984 1254 1086 episcopm

151 1098 394 1199 inquisivisset,
415 1116 527 1172 utrum
544 1099 731 1173 Declaratio
743 1100 958 1174 benedictina
973 1099 1133 1175 debuerit
1150 1099 1253 1174 haberi

149 1235 286 1291 extensa
311 1218 354 1291 ad
380 1217 606 1315 Hungariam,
635 1217 811 1318 respondit
835 1244 865 1293 s.
883 1217 1008 1293 sedes:
1032 1218 1185 1293 «Donec
1206 1242 1255 1318 per

139 1333 302 1406 ¹eaedem
319 1333 417 1406 aliter
432 1332 639 1408 declaratum
656 1333 773 1421 suerit,
794 1349 964 1433 tamquam
977 1360 1042 1433 pro
1054 1361 1123 1407 non
1134 1349 1253 1408 sauata

149 1446 192 1520 ad
205 1448 411 1545 Hungariam
424 1447 469 1521 ab
481 1448 637 1522 omnibus
662 1447 832 1522 censenda
855 1448 901 1522 sit
912 1476 921 1535 ;
934 1478 952 1518 a
967 1447 1126 1548 adeoque
1142 1452 1253 1522 cenna

150 1563 205 1636 bia
225 1565 329 1638 mixta
351 1564 396 1637 ibi
419 1564 628 1638 clandestine
652 1564 819 1639 celebrata
839 1581 1018 1664 tamquam.
1033 1563 1133 1637 irrita
1152 1562 1252 1637 hahita

150 1679 296 1753 luerunt.
308 1680 405 1768 Quod
419 1682 527 1779 magis
540 1680 757 1755 confirmatur
770 1706 810 1754 ex
823 1679 901 1754 aliis
914 1678 1068 1754 eiusdem
1082 1678 1252 1754 instructio

141 1796 207 1867 ,nis
232 1794 365 1868 vorbis:
398 1795 594 1882 «Quamvis
626 1794 840 1869 matrimonia
864 1795 1106 1867 mixtacoram
1127 1791 1252 1893 pareclo

153 1913 308 1984 catholico
339 1911 468 2011 absque
494 1910 561 1984 alio
590 1911 769 1985 dirimente
798 1910 1039 2011 impedimento
1073 1909 1250 1995 celebrum

141 2027 265 2099 -valida
282 2027 560 2124 dignoscantur,a
573 2027 663 2100 iuxta
675 2026 826 2125 regulam
839 2026 883 2099 ab
894 2025 1053 2101 omnibus
1065 2026 1249 2109 admissam,

153 2142 242 2240 quod
273 2144 411 2215 inclusio
438 2144 535 2215 unius
559 2158 606 2214 est
632 2144 777 2215 ecclesia
805 2143 954 2215 alterius.

226 2257 325 2328 Aliud
360 2258 509 2358 suppetit
537 2258 775 2333 documentum
805 2257 839 2330 in
865 2258 1090 2358 responsione
1119 2253 1251 2332 dataad

153 2373 317 2446 ricarium
331 2375 473 2473 apostol.
491 2373 710 2461 bradensem,
731 2373 791 2473 qui
809 2399 927 2447 mense
939 2374 1076 2447 Decem.
1092 2372 1249 2448 aalma.

155 2511 231 2555 cnm
258 2489 485 2585 exposuisset:
511 2491 581 2559 «ln
600 2489 783 2587 provinciis
808 2488 984 2563 catholicis
1001 2488 1110 2586 Belgii
1128 2488 1171 2562 de
1186 2503 1253 2560 tenr-

156 2626 236 2696 pore
266 2603 300 2670 in
332 2617 464 2699 tempus
497 2603 710 2676 detestabilia
742 2605 897 2702 coniugia
927 2604 1013 2677 inter
1043 2604 1253 2676 catltalr'coset

156 2718 350 2788 acatholicos
378 2718 533 2791 ineuntur
558 2745 669 2792 coram
695 2720 892 2816 magistratu
918 2718 1030 2806 civili,
1051 2745 1122 2793 non
1142 2731 1253 2792 serrata

158 2833 262 2904 forma
287 2861 306 2904 a
332 2833 512 2906 tridentino
539 2835 761 2934 praescripta:
786 2834 877 2935 quod
903 2861 979 2908 cum
1003 2834 1195 2909 Declaratie
1212 2856 1251 2905 sa:

157 2975 259 3019 mern:
290 2949 458 3022 Benedicti
492 2951 574 3021 xlv.
604 2951 693 3023 circa
722 2951 934 3024 matrimonia
959 2948 1163 3025 llallandiae
1192 2949 1254 3022 datt

160 3069 191 3135 l.
216 3067 297 3138 Nor.
322 3069 428 3137 llll.
450 3067 493 3139 ad
514 3070 704 3166 provincias
730 3068 905 3140 cctlrolr'aas
930 3066 1053 3164 Belgii,
1081 3067 1253 3146 hactenus,

157 3198 194 3250 ut
214 3199 385 3279 putamus,
407 3199 541 3255 caterua
565 3210 629 3254 aon
654 3184 715 3265 sit,
737 3182 779 3254 de
796 3181 908 3255 valore
933 3181 1075 3254 istorum
1102 3182 1256 3255 matrime

159 3297 290 3369 nicrum
319 3325 385 3370 non
411 3314 556 3386 constat,
585 3297 674 3397 quod
702 3325 769 3371 non
797 3324 872 3370 raro
896 3297 1083 3393 contingit,
1105 3296 1196 3399 quod
1211 3291 1256 3368 tali

160 3412 258 3484 modo
284 3414 451 3485 coniuncti
480 3413 633 3486 homines
659 3413 702 3484 ad
728 3429 878 3485 nostrum
904 3427 1071 3499 tractum,
1093 3413 1155 3513 qui
1171 3409 1257 3484 estin

160 3529 296 3625 confinio
322 3527 486 3599 dictarum
513 3527 785 3625 provinciarum,
814 3527 1012 3612 deveniant,
1042 3551 1084 3599 ac
1111 3527 1147 3598 in
1173 3549 1210 3600 eo
1231 3536 1260 3594 ut

160 3642 308 3738 legitimo
330 3644 542 3717 matrimonio
561 3644 663 3715 iuncti
683 3645 808 3716 vivant.
831 3641 1057 3729 Quamobrem
1074 3635 1258 3716 oontauani

161 3783 363 3857 magnopere
388 3776 606 3858 torquentur,
628 3760 819 3855 ignorantes
840 3757 1009 3857 quomodo
1027 3758 1074 3830 sit
1091 3755 1259 3856 procuden

161 3871 241 3941 dum
261 3898 335 3944 cum
355 3890 448 3972 parta
465 3874 648 3959 catholica,
671 3875 700 3946 si
720 3874 924 3974 poenitentia
942 3872 1045 3945 ducta
1065 3873 1111 3945 ad
1129 3864 1258 3946 tribunal

163 3988 384 4083 poenitentiae
399 4018 435 4063 se
450 4019 487 4063 sc
502 4007 704 4087 praesentet,
728 4016 804 4061 nam
822 3989 991 4062 admonere
1013 3988 1054 4059 da
1073 3981 1259 4060 matrimonii

164 4104 313 4176 nullitate
335 4133 398 4177 aaa
424 4107 558 4189 audant,
585 4134 658 4187 aaa,
681 4121 716 4177 at
732 4132 820 4189 reor,
846 4104 977 4202 expedit
994 4120 1133 4203 propter
1149 4104 1256 4176 maan
