2804 5062
156 365 223 439 ιιι]
389 391 450 441 ιιι.
473 393 508 442 ιι.
528 392 616 443 seor.
636 391 659 440 ι.
681 391 721 439 rr
738 387 864 438 rorrsr.
884 386 1010 437 rectas.

154 511 188 578 3.
214 508 304 606 quod
336 525 503 582 evertatur
524 538 548 583 a
573 507 738 583 contrario
764 531 830 578 usu
855 504 1016 577 hactenus
1040 503 1076 575 in
1101 505 1267 580 unbem

152 623 295 696 ecclesia
311 640 444 698 servato
462 652 481 696 a
499 651 567 699 sec.
584 626 674 696 Xlll.
695 622 831 722 quando
848 618 1014 693 eiusmodi
1031 619 1266 719 dispensatio-

151 765 211 812 nes
233 740 388 837 praeviae
414 740 579 814 introduci
604 754 784 837 coeperunt
805 738 893 832 (ll).

227 852 358 926 Falsum
384 872 554 954 praeterea
579 881 618 928 ex
639 879 680 927 eo
703 878 780 925 essa
804 849 983 949 probatur,
1003 849 1094 948 quod
1112 848 1265 923 licetur·

151 993 233 1064 gens
259 969 414 1067 iustaque
439 969 523 1042 ratio
547 986 580 1042 ct
604 969 712 1041 maior
735 966 884 1050 utilitas,
908 980 945 1037 ut
970 964 1189 1038 tridentinum
1215 963 1263 1039 lo·

150 1084 281 1182 quitur,
296 1083 581 1183 dispensationem
600 1082 825 1184 postularent,
849 1097 961 1154 tamen
979 1078 1110 1153 nullum
1137 1079 1262 1154 exinde

151 1197 205 1269 ius
230 1223 388 1296 umquam
413 1202 564 1295 agnitum
587 1200 686 1271 suerit
702 1225 742 1270 ex
760 1211 854 1296 parte
869 1221 1003 1281 eorum,
1024 1195 1085 1296 qui
1103 1195 1262 1270 remotio·

151 1336 226 1382 nam
252 1311 481 1410 impedimenti
515 1313 700 1412 petierunt,
725 1310 885 1408 nullaque
910 1308 1069 1405 obligatio
1094 1334 1136 1380 ex
1166 1325 1262 1408 perte

149 1427 375 1500 concedentis.
392 1427 590 1500 Constanter
602 1429 690 1500 enim
709 1443 879 1526 tamquam
896 1423 989 1497 lavor
1000 1440 1033 1497 et
1050 1423 1160 1520 gretia
1172 1423 1261 1498 eiua

150 1541 238 1613 modi
266 1540 422 1614 relaxatio
447 1540 562 1614 habita
588 1559 651 1614 est.
673 1541 783 1627 Quare
810 1538 865 1612 his
886 1538 999 1612 verbis
1017 1565 1046 1611 s.
1067 1538 1260 1613 llereardm

149 1653 378 1751 alloquebatur
402 1655 588 1751 Eugenium
609 1657 667 1726 lll.
699 1652 849 1740 «Quidl
867 1651 1003 1752 inquis,
1024 1651 1185 1753 prohibes
1205 1650 1262 1726 di-

148 1767 335 1869 spensare?
350 1827 356 1841 .
374 1826 382 1841 .
397 1827 404 1840 .
420 1771 514 1841 ‚Non
532 1795 607 1841 sum
625 1786 692 1843 tam
707 1769 822 1854 rudis,
838 1783 875 1840 ut
887 1768 1035 1863 ignorem
1049 1767 1179 1865 positos
1196 1791 1260 1841 ros

147 1911 223 1958 esse
245 1884 516 1984 dispensatores,
539 1884 599 1958 sed
622 1885 656 1956 in
678 1883 964 1968 aedificationem,
985 1907 1050 1955 non
1073 1881 1108 1952 in
1125 1880 1261 1955 destru-

147 2001 301 2074 ctionem.
321 2000 474 2098 Denique
492 2000 665 2099 quaeritur
682 2001 769 2072 iuter
790 1998 1060 2096 dispensatores,
1084 2012 1121 2069 ut
1146 1995 1259 2072 fidelis

147 2115 224 2214 quis
249 2114 450 2187 inveniatur.
479 2115 542 2187 Ubi
561 2117 733 2186 necessitas
753 2126 866 2208 serpet,
894 2111 1095 2184 eceuscbilis
1118 2110 1259 2210 dispeu-

147 2229 232 2302 sntio
249 2244 320 2315 est,
337 2228 395 2301 ubi
414 2230 543 2302 utilitas
561 2246 737 2328 provocat,
758 2226 969 2325 dispensatio
988 2225 1167 2298 laudabilis
1183 2242 1257 2312 est,
1275 2308 1276 2315 ,

148 2345 296 2432 utilitas,
316 2345 412 2431 dico,
428 2345 636 2431 eommunis,
657 2370 724 2418 non
751 2344 908 2442 propria;
929 2369 1006 2415 nam
1028 2368 1103 2414 cum
1127 2341 1176 2414 nil
1201 2341 1260 2417 ho·

146 2476 304 2545 tumeat,
324 2486 390 2533 non
410 2459 509 2558 plana
527 2459 638 2532 fidelis
659 2459 887 2556 dispensatio,
909 2458 969 2531 sed
987 2456 1135 2532 crudelis
1153 2458 1259 2531 dissi·

147 2573 236 2671 patio
257 2590 309 2645 est
329 2575 417 2668 (72).
437 2604 455 2642 »
477 2575 580 2670 lgitur
602 2574 692 2669 gravi
711 2572 812 2646 etiam
836 2588 976 2668 urgente
993 2597 1115 2656 causa,
1132 2571 1201 2645 imo
1224 2585 1258 2646 et

146 2687 346 2759 necessitate
363 2687 620 2773 interveniente,
636 2702 745 2759 tamen
763 2711 829 2759 non
848 2712 889 2758 ec
906 2687 1053 2768 iustitio,
1072 2685 1131 2757 sad
1146 2710 1255 2759 exve·

146 2800 221 2883 nia,
238 2816 271 2872 et
286 2802 396 2896 pratia
418 2799 573 2871 tribuitur
584 2799 806 2897 dispensatio.
830 2798 987 2884 Quinimo
1001 2797 1150 2871 vidimus
1168 2825 1251 2872 rom.

146 2915 320 3016 pontifices
342 2915 376 2986 in
403 2915 567 2987 eiusmodi
591 2913 869 2999 relaxationibus,
898 2914 998 2986 etiam
1028 2914 1256 2987 concurrenti·

78 3095 80 3098 ,
144 3032 208 3104 bus
227 3031 399 3105 recensitis
417 3029 668 3106 conditionibus
687 3030 720 3101 in
739 3056 870 3103 summo
888 3029 1014 3125 gradu,
1037 3030 1256 3104 consuevisse

144 3163 254 3219 tamen
273 3146 497 3245 poenitentiae
516 3145 682 3218 subiicere
693 3171 751 3217 eos
769 3144 972 3243 quibuscum
990 3143 1258 3242 dispensabant,

144 3261 196 3334 rel
220 3262 355 3347 saltem,
385 3261 499 3360 aliqua
524 3287 582 3334 eos
608 3259 731 3333 mulcta
756 3259 858 3332 veluti
885 3260 919 3330 in
946 3261 1251 3356 compensationem

146 3376 313 3451 relaxatae
336 3376 421 3474 legis
447 3385 604 3462 onerare,
637 3392 733 3475 prout
759 3374 870 3447 adhuc
895 3401 985 3448 nunc
1005 3375 1077 3446 fieri
1105 3375 1204 3448 solet.

216 3491 268 3563 Ad
292 3492 470 3565 falsitatem
495 3492 635 3566 ulterius
666 3491 764 3564 istius
798 3490 955 3589 principii
987 3490 1253 3589 patefaciendam

145 3604 228 3679 illud
246 3607 392 3693 accedit,
413 3608 502 3705 quod
521 3607 652 3680 etiamsi
671 3607 799 3679 iudices
818 3605 883 3678 sibi
902 3606 1016 3679 videre
1038 3606 1104 3678 visi
1131 3606 1256 3681 luerint

144 3721 259 3821 aliquo
276 3722 311 3793 in
328 3747 410 3794 casu
428 3720 587 3820 peculiari
606 3746 804 3794 concursum
816 3721 980 3794 dictarum
999 3721 1249 3807 conditionum,

144 3835 265 3910 exinde
289 3836 428 3909 minime
452 3837 606 3934 sequitur
631 3863 670 3910 eo
696 3837 770 3936 ipso
796 3835 924 3909 iudices
949 3862 1048 3935 posse
1073 3836 1251 3935 dispensa·

209 4091 259 4150 (ιι)
275 4091 313 4140 ct.
331 4105 415 4152 opusc.
438 4095 538 4141 Lattara
554 4091 616 4142 dell'
625 4092 720 4142 abbate
735 4095 766 4141 Ν.
777 4094 810 4143 Ν.
824 4095 928 4142 intorno
939 4093 960 4142 tt
973 4093 1040 4142 ltbro
1053 4092 1097 4142 del
1108 4096 1200 4156 stenar
1212 4105 1253 4142 ee·

141 4172 233 4219 rtontco
254 4173 412 4234 Ltttcsopro
431 4172 452 4221 ιι
468 4172 561 4222 dtrttto
585 4172 613 4221 ιιι
631 4172 751 4246 stabilire
774 4173 951 4237 trnpedtmentt
967 4174 1103 4223 ιιιιιιιιιιιιι
1121 4173 1143 4223 ιι
1163 4175 1243 4224 notet

140 4252 226 4304 monto
245 4262 259 4298 e
280 4249 309 4300 dt
326 4250 485 4317 dtepeusore.
504 4254 530 4302 Ιιι
551 4252 619 4302 ltalia
639 4256 706 4302 ιιιι.
720 4253 744 4315 §.
757 4262 781 4304 ιι.

207 4331 257 4393 (ιι)
275 4333 311 4380 tte
324 4330 480 4382 constderct.
499 4331 535 4383 cd
556 4334 656 4394 Bucen.
673 4331 716 4384 tib.
730 4334 773 4384 tlt.
789 4346 845 4396 cap.
859 4334 904 4384 ιιι.
921 4346 946 4383 ιι.
967 4341 1003 4385 ιι.
