2804 5062
18 342 19 346 Ν
144 360 212 433 306
311 430 313 434 Α
381 381 442 433 uu.
465 377 655 434 mercer.
679 382 864 434 usmrssr.
888 380 1016 435 accurs.

143 499 246 576 tentia
270 514 414 597 negante
439 499 553 598 uigeat
577 499 715 600 quidem
737 500 772 573 in
792 501 967 576 conuersis
992 500 1254 590 matrimonium,

142 616 202 691 sed
229 631 267 690 ut
292 615 438 715 simplex
463 614 629 690 naturalis
655 632 871 705 contractus,
904 617 1082 692 seiunctus
1108 643 1130 692 a
1155 644 1257 693 sacru·

142 733 245 807 menti
270 732 425 820 ratione;
460 734 494 804 2.
524 731 616 832 quod
639 731 806 807 eiusmodi
833 733 995 832 coniuges
1020 749 1191 835 perpetuo
1215 734 1259 808 do

142 850 244 926 beant
265 850 374 950 gratia
399 849 636 924 sacramentali
661 850 821 940 destitui,
841 877 883 926 ac
899 851 1042 952 proinde
1059 851 1184 950 gratiis
1201 850 1259 925 illis

142 965 333 1042 actualibus
367 965 411 1040 ad
442 992 529 1066 quas
558 967 593 1040 ri
624 965 827 1041 sacramenti
852 967 909 1043 ius
935 966 1116 1042 baberent.
1147 967 1260 1043 Contra

143 1108 244 1170 vero,
271 1082 306 1155 iu
333 1082 504 1157 sententia
525 1082 733 1172 affirmante,
759 1083 956 1186 utriusque,
981 1100 1183 1160 contractus
1208 1083 1261 1160 eoi

142 1196 222 1272 licet
254 1213 288 1270 et
317 1197 519 1271 sacramenti
552 1196 637 1273 ratio
663 1224 732 1272 non
755 1198 988 1286 desideratur,
1016 1224 1059 1273 ac
1090 1215 1259 1300 propterea

145 1311 262 1387 fideles
286 1312 322 1386 bi
349 1312 511 1411 coniuges
540 1313 650 1412 gretia
671 1313 905 1410 sacramentali
923 1314 1084 1390 lruuntnr
1098 1342 1172 1390 una
1193 1340 1258 1391 cum

144 1428 281 1504 auxiliis
305 1427 495 1504 actualibus
513 1428 563 1502 illi
581 1429 736 1504 adnexis.

218 1545 329 1620 Tertia
354 1545 507 1621 succedit
531 1546 703 1647 quaestio;
723 1571 768 1620 an
786 1545 873 1621 ratio
893 1547 1099 1622 sacramenti
1115 1573 1160 1623 ex
1176 1562 1257 1650 parte

147 1659 260 1735 lidelis
286 1659 471 1750 habeatur,
494 1661 524 1735 si
550 1660 635 1736 forte
659 1687 727 1735 non
751 1677 913 1762 uterque,
941 1661 1002 1737 sed
1027 1661 1116 1738 alter
1140 1679 1253 1737 tantm

145 1777 327 1875 coniugum
343 1793 586 1867 >molestatum
620 1777 673 1853 vel
698 1777 728 1853 si
751 1804 793 1853 ex
819 1776 984 1853 ecclesiae
1012 1777 1254 1879 dispensatione

120 1893 258 1983 ¹fidelis
293 1918 370 1967 cum
405 1893 535 1967 infideli
566 1894 819 1969 matrimonium
832 1894 834 1899 ’
849 1894 952 1968 ineat.
987 1893 1161 1982 Quoniam
1189 1918 1252 1971 varo

146 2010 270 2109 prioris
286 2035 389 2084 casus
410 2009 533 2086 solutio
558 2036 682 2108 magna
699 2037 740 2085 ex
758 2026 852 2111 parte
868 2009 994 2109 pendet
1009 2036 1052 2085 ex
1071 2011 1250 2113 posterioris

146 2126 335 2214 solutione,
356 2153 397 2199 ex
414 2125 479 2199 hec
496 2125 697 2227 incipiemus
720 2125 943 2227 inquirendo,
963 2151 1046 2199 uum
1064 2123 1249 2202 sacramenti

147 2243 232 2317 ratio
258 2243 473 2342 agnoscenda
497 2240 604 2315 sitin
629 2243 813 2342 coniugio,
842 2244 933 2345 quod
959 2242 1073 2318 {idelis
1101 2243 1250 2320 contrahit

146 2384 224 2433 cum
249 2357 392 2432 inlideli.
417 2356 510 2430 Nihil
536 2383 636 2458 porro
660 2358 705 2432 ad
730 2385 805 2433 eam
825 2358 1053 2433 dirimendum
1071 2360 1171 2435 nobis
1187 2384 1249 2459 snp-

148 2474 232 2574 petit
256 2474 329 2547 sive
355 2500 396 2546 ex
422 2499 493 2547 sac.
521 2472 661 2561 litteris,
691 2474 764 2550 sive
788 2501 828 2548 ex
855 2475 1041 2576 apostolica
1068 2477 1246 2559 traditione;

148 2588 296 2687 theologi
315 2615 395 2663 vero
414 2604 448 2663 et
469 2588 504 2661 in
527 2589 592 2664 boc
617 2589 717 2664 valde
740 2591 829 2663 iuter
850 2617 888 2665 se
913 2591 1141 2681 dissentiunt;
1169 2592 1249 2667 adeo

149 2731 216 2804 quo
234 2704 437 2778 coniecturis
463 2705 541 2804 plus
566 2705 678 2780 minus
705 2706 928 2781 suadentibus
952 2707 1191 2806 indulgeamus
1205 2729 1248 2778 ne·

149 2845 245 2893 cesse
271 2834 347 2906 est,
377 2821 646 2920 necquicquam
672 2822 753 2896 certi
780 2823 983 2896 constituere
1006 2825 1200 2924 poterimus.

221 2934 341 3006 llerum
362 2934 453 3033 quod
475 2936 584 3033 magis
603 2935 716 3009 mirari
736 2936 853 3010 subest
870 2936 953 3010 illud
970 2953 1042 3024 ost,
1063 2939 1157 3040 quod
1173 2938 1247 3011 thcc-

150 3049 301 3146 logorum
328 3049 479 3150 plerique
505 3052 564 3151 qui
591 3052 731 3125 inficiati
762 3069 841 3127 sunt
869 3052 1058 3127 infidelium
1087 3053 1244 3153 coniugia,

150 3192 227 3239 curn
253 3166 277 3237 ii
302 3166 524 3252 christianam
551 3168 749 3267 profitentur
780 3169 975 3267 religionem
1002 3197 1042 3245 ac
1066 3172 1249 3273 baptismate

150 3282 323 3378 tinguntur
344 3282 484 3356 induere
510 3285 710 3357 sacramenti
737 3302 907 3373 naturam,
937 3303 975 3359 ut
998 3286 1183 3386 plurimum
1204 3281 1248 3358 ad-

151 3414 283 3471 struant
308 3398 507 3471 saoramenti
535 3399 698 3474 rationem
722 3400 840 3474 baberi
859 3427 900 3474 ex
918 3419 1013 3502 parte
1038 3402 1154 3491 fideli,
1181 3421 1249 3502 quau

151 3538 227 3585 cum
255 3512 383 3586 infideli
410 3513 624 3610 coniungitur
649 3517 737 3611 (23).
755 3516 877 3590 Contra
893 3542 973 3590 veru
994 3535 1120 3617 negant
1142 3515 1247 3619 passim

153 3628 188 3699 iu
210 3628 376 3701 eiusmodi
405 3629 641 3705 coniunctione
670 3649 913 3705 sacramentum
939 3634 1081 3732 reperiri
1111 3636 1147 3708 in
1176 3646 1250 3735 parte

153 3742 245 3815 fideli
265 3743 410 3842 theologi
429 3743 496 3833 illi,
513 3745 570 3845 qui
586 3764 773 3844 agnoscunt
790 3764 1037 3822 sacramentum
1056 3776 1211 3849 exurgere
1220 3769 1248 3819 et

153 3858 340 3932 infidelium
363 3877 556 3947 contractu,
578 3889 654 3935 curn
671 3863 877 3964 baptismum
897 3866 1090 3966 suscipiunt
1105 3869 1191 3965 (hl).

226 3976 367 4074 Utrique
396 3977 658 4066 contendentes,
690 3995 727 4052 ut
753 3980 952 4067 innuimus,
980 3980 1146 4057 dimicant
1170 3979 1249 4054 ratio-

227 4190 276 4253 (Τό)
293 4194 330 4241 lta
339 4193 442 4257 Delius,
457 4196 532 4256 soto,
543 4196 684 4260 Tournely,
695 4197 788 4257 collet,
800 4196 891 4260 allique
901 4209 964 4260 quos
973 4197 1055 4248 collat
1065 4199 1155 4261 allegat
1164 4211 1188 4247 n.
1197 4194 1238 4246 ttl·

193 4270 276 4398 wiht)
292 4272 330 4321 lta
346 4275 473 4336 vasquez,
493 4275 613 4337 sauohez,
631 4276 746 4340 Pontius,
764 4276 855 4339 Kugler
869 4289 926 4328 curn
942 4275 999 4328 aliis
1016 4277 1048 4329 ab
1063 4268 1250 4330 womaoluct

153 4359 179 4410 q.
239 4361 280 4400 .n.
293 4354 347 4402 ltu.
