2804 5062
141 342 208 412 260
381 361 442 412 ure.
464 359 499 408 11.
521 358 607 408 seur.
625 359 648 406 ι.
670 357 709 407 ns
736 355 863 407 rorssr.
886 355 1012 408 rueres.

212 482 269 554 si.
300 480 338 550 ln
361 477 530 578 aliquibus
549 477 684 576 imperii
710 475 863 551 llussiaci
881 474 1067 575 provinciis
1084 477 1179 571 (aa).

212 597 269 667 28.
301 593 399 693 Apud
426 594 600 667 liuthenos
617 594 729 689 (roe).

212 826 284 899 Non
311 824 375 898 luit
399 839 511 896 autem
538 821 756 895 tridentinum
782 819 952 895 decretum
970 820 1006 892 in
1024 819 1166 920 Europa
1183 845 1250 919 pre

140 938 337 1039 mulgetum:

213 1057 247 1125 1.
278 1053 316 1125 ln
342 1051 478 1148 Anglia,
506 1052 633 1144 Sobria,
665 1076 705 1124 ac
728 1049 897 1125 nonnullis
921 1047 1106 1123 Hiberniae
1130 1050 1250 1150 provin·

140 1169 203 1243 ciis
216 1170 329 1266 (101).
745 1160 750 1173 ’

145 1369 148 1373 ,
215 1285 248 1354 2.
279 1284 317 1355 ln
335 1282 493 1357 borussia
512 1307 628 1382 presse
645 1296 799 1380 sumpta,
816 1305 877 1355 seu
893 1281 1067 1378 primitivo
1086 1280 1248 1355 huiusne

140 1397 242 1472 minis
261 1397 465 1499 principatu.

215 1517 247 1586 3.
279 1514 317 1585 ln
343 1511 551 1587 Pomerania.

217 1632 249 1699 i.
281 1628 319 1699 ln
345 1629 501 1702 Saxonis.

215 1748 248 1816 b.
278 1744 317 1816 ln
342 1744 469 1818 Sveeis.

217 1865 249 1930 6.
280 1858 488 1955 Argentorati
511 1859 624 1953 (102).

144 2176 242 2228 propag.
254 2162 303 2215 tide
314 2164 406 2228 pluries
415 2163 566 2228 postulasse,
577 2166 606 2214 ut
614 2163 709 2216 eredis
720 2164 841 2216 iudicium
851 2165 911 2229 ipsis
920 2164 1086 2216 innotesceret
1094 2164 1162 2216 circa
1173 2161 1249 2214 relidi

145 2243 220 2295 tatem
229 2244 458 2306 matrimoniorum,
468 2257 532 2307 quse
542 2244 605 2295 inter
614 2256 688 2294 unam
696 2247 790 2308 partem
800 2244 947 2296 catholicam
955 2245 982 2295 et
989 2244 1094 2295 alteram
1103 2243 1252 2304 Μαι,

143 2336 193 2376 non
212 2326 311 2375 serrata
326 2323 406 2374 torma
420 2324 518 2375 concilii
534 2324 662 2375 tridentini
673 2325 699 2375 in
710 2325 758 2376 isto
767 2338 842 2390 regno
852 2324 1040 2377 mobebuntur.
1052 2327 1120 2376 cunr
1129 2326 1251 2390 itaquem

143 2404 263 2456 cessariae
273 2404 305 2454 ad
317 2403 490 2456 resolvendum
501 2404 605 2455 dubium
616 2405 718 2456 ceddae
728 2407 860 2469 rennuitae
868 2406 968 2468 tuerint,
976 2418 1006 2456 ec
1015 2405 1120 2456 demum
1130 2405 1178 2457 sub
1187 2405 1227 2456 dis
1236 2409 1253 2456 t.

141 2486 214 2536 Mart.
225 2484 346 2535 currentis
357 2484 384 2534 in
394 2486 519 2536 maturum
535 2498 638 2537 eramen
654 2486 680 2535 in
698 2500 719 2536 s.
733 2499 846 2550 congreg.
864 2500 885 2537 s.
902 2485 947 2536 eit.
964 2499 1050 2538 coram
1062 2486 1180 2538 sanem
1191 2488 1221 2536 b.
1229 2485 1253 2536 lt.

140 2565 367 2615 PioV1.rocatum
380 2564 468 2626 luerit,
478 2565 599 2615 Sanctitas
612 2577 669 2629 sua,
679 2565 771 2616 auditis
781 2566 931 2616 eminentiss.
942 2564 1010 2616 card.
1020 2566 1176 2628 generalium
1186 2563 1256 2628 buu·

144 2645 247 2693 sitorum
263 2644 400 2708 suffragiis,
419 2644 529 2696 decrerit
545 2645 702 2696 matrimonia
718 2647 795 2696 mixta
807 2647 832 2695 in
847 2645 965 2696 Hibernis
985 2646 1155 2697 contrectaret
1168 2647 1256 2697 contra

142 2722 236 2785 banda,
248 2736 297 2774 non
308 2725 405 2774 serrata
422 2723 501 2775 torma
511 2738 580 2776 rene.
595 2724 723 2776 tridentini
734 2730 763 2776 in
775 2725 838 2776 locis
847 2728 874 2776 tn
884 2724 980 2790 quibus
990 2725 1045 2775 sire
1053 2725 1192 2776 concilium
1204 2723 1255 2774 trid.

143 2802 196 2853 sire
206 2803 259 2853 eius
270 2801 396 2853 decretum
406 2815 466 2855 sess.
476 2808 514 2856 st.
523 2818 546 2854 c.
559 2812 580 2855 1.
593 2807 629 2855 be
639 2803 844 2866 reformsorrun
851 2802 912 2866 srrtt
919 2802 1142 2868 promulgatam,
1155 2803 1205 2855 atto
1214 2813 1255 2853 nur

143 2883 303 2954 concurrente
314 2884 433 2934 canonico
444 2883 633 2948 impedimento,
645 2885 760 2950 quamvis
769 2884 869 2947 illicia,
880 2882 995 2934 habende
1005 2896 1059 2934 esse
1069 2883 1100 2935 ut
1108 2883 1193 2935 valida
1201 2884 1256 2934 ete·

215 2961 265 3026 (99)
281 2961 437 3013 Publicatum
458 2963 506 3013 tuit
523 2964 650 3015 cbioriae.
662 2967 725 3015 cum
736 2964 802 3014 euim
812 2963 967 3028 metropolita
978 2962 1133 3014 chiorienris
1145 2961 1256 3015 irrita&

143 3040 262 3093 nonnulla
273 3041 388 3105 coniugia
398 3042 562 3106 clandestina,
575 3045 736 3095 constitutum
748 3046 785 3095 est
795 3044 912 3108 dubium,
926 3056 958 3094 an
967 3043 1075 3095 irritatio
1086 3043 1212 3096 casnedi
1221 3056 1256 3110 po

142 3121 219 3173 tuerit
228 3122 275 3171 rite
285 3121 353 3172 fleri?
364 3123 454 3186 congr.
465 3136 485 3175 s.
496 3122 541 3174 oli.
549 3122 745 3186 <affirmativum
761 3125 920 3174 sententium
938 3119 1063 3186 cepaea
1079 3125 1130 3173 est.
1138 3149 1147 3162 ·
1156 3126 1220 3188 Ergo
1229 3121 1255 3173 ai

143 3203 200 3254 dem
222 3202 334 3253 constitit
352 3202 384 3253 de
403 3202 568 3267 publicatione
587 3202 677 3253 decreti
697 3202 833 3253 tridentini.
844 3203 907 3252 Hinc
916 3201 1014 3252 decreto
1026 3208 1065 3253 aa.
1080 3202 1181 3254 lanum.
1194 3207 1254 3254 ieta

143 3285 168 3334 S.
181 3282 225 3334 ott.
238 3282 345 3333 dicitur:
359 3285 472 3335 «iterem
488 3285 513 3334 et
531 3283 557 3333 in
574 3282 663 3334 ellectu
678 3283 833 3348 metropolita
853 3281 989 3347 publicarit
1005 3280 1144 3334 concilium
1160 3281 1256 3334 iridis

145 3360 419 3427 omnibuspurocbtis,
432 3364 460 3413 ut
472 3361 537 3413 idem
548 3362 680 3414 concilium
689 3362 823 3427 praecipit3
840 3375 896 3412 nam
908 3359 995 3412 babuit
1005 3361 1173 3415 intentionem
1183 3364 1254 3428 ipsum

143 3442 301 3506 publicandi,
314 3443 426 3507 illudque
439 3444 464 3494 in
474 3443 611 3494 substantia
620 3443 781 3508 publicarit.»

216 3523 282 3587 (toa)
299 3523 434 3575 idcoustat
443 3538 474 3574 ex
484 3537 505 3574 s.
514 3536 627 3587 congreg.
639 3536 661 3573 s.
671 3522 716 3574 ott.
728 3536 769 3573 sn.
782 3529 850 3574 18³5.

216 3604 282 3665 (tall
299 3606 398 3655 Praeter
412 3604 560 3655 decisionem
569 3617 591 3654 s.
600 3603 644 3654 on.
656 3617 697 3655 eu.
711 3609 779 3655 1782.
792 3610 831 3655 22.
842 3604 890 3653 lul.
904 3603 929 3653 iu
939 3615 990 3666 qua
1002 3603 1109 3654 dieitur:
1121 3624 1135 3649 a
1144 3607 1207 3656 cnm
1216 3602 1253 3653 ml·

143 3684 208 3734 nime
224 3685 293 3747 putet
307 3698 329 3734 s.
339 3697 454 3748 congreg.
465 3684 590 3735 decrebrm
600 3682 804 3735 conctrldentini
814 3697 864 3746 qun
875 3683 1027 3751 clandestina
1037 3683 1155 3748 coniugia
1165 3683 1252 3734 irritare

142 3766 198 3825 tur,
210 3763 237 3812 in
247 3763 348 3826 angliae
357 3763 478 3826 paroeciis
487 3762 640 3828 publicatum
651 3763 739 3825 luisse3
752 3762 845 3813 ideirco
855 3763 1012 3813 matrimonia
1023 3762 1085 3813 inita
1096 3776 1182 3814 coram
1191 3761 1253 3813 mlal·

143 3846 195 3894 stro
206 3843 328 3894 haeretico
340 3842 434 3894 ualida
444 3856 497 3895 esse
506 3843 663 3895 arbitratur.»
676 3846 705 3892 ln
720 3856 833 3906 congreg.
846 3841 877 3893 de
895 3841 1052 3906 propaganda
1069 3841 1122 3894 tide
1139 3856 1181 3894 an.
1192 3843 1252 3894 ¹787.

148 3930 184 3974 tt.
197 3923 244 3974 lul.
257 3923 368 3975 decisum
385 3926 423 3975 est
435 3927 507 3974 alten
517 3924 628 3975 censure
639 3923 670 3974 de
680 3922 772 3974 decreti
783 3922 963 3986 publicatione,
977 3921 1090 3986 adeoque
1104 3919 1252 3974 nminem

143 4014 226 4053 ceram
238 4003 371 4054 ministello
382 4003 504 4055 haeretico
515 4002 598 4054 valida
609 4002 709 4053 omnino
723 4015 777 4052 esse
787 4000 926 4052 habenda.»

217 4082 283 4144 (1⁰2)
299 4085 390 4146 Nempe
404 4084 429 4133 in
445 4083 504 4133 sotis
520 4083 628 4134 ecclesiis
644 4081 845 4146 protestantium,
863 4094 926 4144 quae
938 4079 1082 4131 deiecerunt
1097 4093 1138 4131 an.
1154 4078 1250 4132 abab

144 4160 254 4212 ecclesiis
265 4162 393 4213 catholicis
404 4164 459 4227 pest
469 4162 564 4214 Ludos.
576 4165 641 4213 xlv.
652 4161 764 4213 restituto
774 4162 809 4211 ibi
817 4160 886 4212 cultu
895 4160 1214 4225 catholieo,promugatum
1221 4154 1250 4209 ert

144 4243 169 4291 et
181 4242 306 4291 serratum
317 4255 386 4292 conc.
399 4243 570 4293 tridentinum.
581 4243 645 4294 Hinc
657 4257 688 4294 er
700 4243 766 4294 decr.
779 4256 800 4293 s.
811 4255 923 4305 congreg.
935 4254 956 4291 s.
969 4240 1013 4291 ott.
1024 4247 1055 4292 it
1065 4241 1115 4292 lul.
1130 4243 1197 4293 rats.
1207 4248 1249 4288 mr·

148 4320 263 4371 trimonia
280 4320 394 4374 haeretic.
406 4321 501 4384 validm
514 4321 584 4374 irrita
592 4322 770 4373 catholicorum
782 4321 835 4374 sina
847 4321 926 4373 torma
934 4319 992 4372 trid.
1003 4318 1129 4374 declarata
1143 4318 1207 4373 suat
