2804 5062
194 395 867 448 mr.u1.nnmrn.mr1o.cuuemouere
881 397 1140 450 lucennaco.
1189 380 1257 451 82¹2

138 515 246 615 fidelia
275 519 399 589 iustum
429 541 469 589 co
494 516 691 590 rationabile
721 518 878 590 otott'vam
907 523 972 589 noti
1001 518 1127 592 dederit
1155 520 1261 596 dt‘ece-

139 629 243 705 dende'
261 632 353 726 (to).
1181 657 1183 662 ⁴

208 746 443 821 Viceucrsa'in
459 746 594 821 decreto
620 772 691 821 sac.
714 754 873 846 congreg.
896 749 939 822 dc
956 749 1176 850 propaganda
1194 750 1262 825 lide

137 876 251 936 mum
276 861 341 934 luit
366 860 409 934 de
433 886 537 949 casu,
559 862 595 933 in
613 888 683 961 quo
701 862 904 937 adulterium
922 881 1057 964 aparte
1075 864 1167 938 fideli
1186 891 1262 964 per-

139 992 306 1078 petratum
336 976 438 1051 luerit
467 992 546 1051 ante
575 978 650 1052 cius
682 981 968 1066 conversionem,
1005 982 1147 1081 repudio
1182 981 1261 1056 inde

139 1109 306 1194 sequutc;
334 1093 527 1195 quaesitum
553 1082 622 1183 est,
652 1121 697 1168 an
724 1122 804 1195 pars
831 1096 900 1169 iam
926 1097 1079 1171 adultera
1103 1115 1137 1171 et
1163 1124 1262 1198 repu-

138 1207 251 1296 diata,
275 1209 307 1282 si
334 1225 451 1310 postea
475 1209 697 1285 christianam
722 1212 823 1286 fidem
850 1213 1041 1312 amplexata
1065 1214 1203 1301 luisset,
1231 1229 1264 1288 et
1308 1209 1311 1213 ’

139 1351 217 1425 pars
232 1324 396 1400 Linlidelis
422 1325 618 1400 cohabitare
643 1353 720 1401 cum
741 1325 806 1401 illa
833 1346 1043 1418 recusasset,
1072 1331 1123 1403 uti
1149 1346 1265 1428 posset

140 1439 320 1540 priuilegio
337 1508 341 1512 ,
356 1440 434 1514 fidei
471 1467 652 1530 concesso,
684 1457 717 1517 et
741 1444 784 1516 ad
811 1443 897 1518 alias
923 1446 1061 1544 nuptias
1087 1444 1265 1519 transire?

140 1562 342 1657 respuimum
368 1556 448 1630 luit:
477 1558 700 1656 efficentiam
728 1561 918 1657 praemissa
950 1576 1081 1634 tantum
1107 1560 1264 1660 interpel-

140 1671 292 1766 lationea:
308 1687 428 1767 <utrum
441 1720 443 1727 ·
454 1698 518 1746 nee
541 1698 583 1768 ne
609 1675 833 1773 praecesserit
851 1676 924 1749 sive
941 1677 1146 1749 adulterium
1160 1678 1171 1763 ,’
1191 1676 1264 1750 sive

141 1788 447 1888 repudiimtquia
467 1787 626 1883 adulterii
654 1789 787 1864 macula
808 1791 1014 1889 praecedens
1041 1818 1102 1889 per
1127 1817 1265 1865 muter,-

143 1903 272 1993 siunem
290 1919 330 1975 et
347 1903 561 2008 bdptismum
587 1903 722 1977 sublata
746 1905 916 1978 censenda
941 1922 1031 2001 erat,
1061 1920 1100 1977 et.
1114 1930 1193 2005 pars
1213 1905 1264 1976 in-

142 2016 254 2093 fidelis
269 2007 551 2113 :irrationabiliter
567 2033 600 2092 et
616 2011 741 2092 iniuste
758 2019 793 2089 in
812 2037 970 2119 suscepto
987 2018 1131 2094 consilio
1149 2030 1265 2118 perse

142 2133 298 2222 mahat,
326 2134 468 2219 minime
484 2149 522 2208 se
540 2135 626 2235 parti
638 2134 741 2207 vfideli
759 2136 1014 2210 reconciliandi.
1037 2135 1150 2222 Quare
1172 2138 1202 2208 si
1216 2138 1263 2207 in

142 2251 205 2326 boc
224 2277 328 2339 casu,
344 2250 518 2338 infidelis,
539 2266 678 2349 accepta
703 2251 997 2350 interpellatione,
1019 2251 1169 2352 recipere
1187 2277 1265 2350 par-

142 2374 237 2457 tem,'
255 2365 467 2442 athabitana
491 2394 570 2442 cum
590 2368 649 2440 illa
666 2367 799 2467 absque
823 2367 993 2442 Creatoris
1018 2367 1144 2440 iniuria
1169 2392 1265 2441 recu·

142 2501 233 2571 sat‚.
249 2483 378 2558 iustum
403 2509 470 2557 non
495 2501 573 2570 est,
600 2499 639 2556 ut
663 2482 707 2556 ob
737 2483 1000 2557 irrationabilem
1027 2482 1116 2557 hanc
1139 2481 1262 2579 agendi

142 2601 328 2688 rationem,
362 2626 440 2700 pars
474 2599 585 2674 fidelis
610 2600 645 2671 ia
672 2614 761 2673 statu
793 2600 1003 2674 uoluntariae
1035 2598 1264 2673 continentiae

141 2743 218 2792 cum
245 2715 408 2816 peccandi
434 2715 587 2815 periculo
609 2709 748 2789 'maneat
768 2718 857 2813 (db).

211 2833 276 2906 Ex.
294 2831 422 2932 quibus
447 2831 581 2906 duabus
606 2832 642 2903 in
669 2832 783 2931 specie
808 2832 985 2905 contrariis
1004 2830 1266 2906 resolutionibus

147 2965 259 3052 patet,
288 2948 379 3049 quod
406 2948 436 3021 si
463 2975 544 3047 pars
570 2947 681 3022 fidelis
707 2964 785 3048 post
809 2949 1065 3022 conversionem
1090 2963 1124 3023 et
1148 2946 1267 3048 pacifi-

146 3072 219 3139 cam
246 3089 326 3138 cum
351 3064 446 3165 parta
470 3063 599 3138 infideli
626 3064 909 3139 cohabitationem
935 3064 1100 3139 adulterio
1126 3091 1164 3138 se
1193 3061 1266 3162 pol·

146 3180 232 3270 luat,
251 3181 286 3256 si
305 3179 454 3255 infidelis
472 3181 537 3256 hac
554 3180 597 3255 de
613 3208 718 3256 causa
743 3181 916 3269 discedat,
946 3207 1012 3254 non
1039 3206 1141 3280 posse
1170 3176 1268 3252 adul-

146 3312 258 3373 teram
287 3297 444 3371 ad³alias
469 3298 614 3371 transire
639 3297 775 3397 nuptias
801 3297 935 3396 fruique
959 3295 1136 3395 privilegio
1162 3292 1262 3378 fidei;

146 3413 416 3515 poesit'vercfsi
442 3411 646 3486 adulterium
665 3411 848 3512 patraverit
868 3427 945 3484 ante
962 3410 1217 3484 conversionem
1234 3424 1268 3481 ot

146 3525 447 3629 baptismums'si
462 3545 559 3627 parte
584 3526 712 3601 infideli
732 3527 962 3627 interpellata,
984 3526 1066 3599 nolit
1084 3526 1168 3599 haec
1189 3549 1267 3597 cum

145 3646 246 3746 parte
265 3643 357 3716 lideli
375 3643 603 3731 reconciliari,
625 3669 767 3742 eamque
787 3658 862 3741 post
880 3641 1056 3741 repudium
1074 3640 1185 3715 denuo
1207 3664 1265 3712 su·

148 3763 283 3862 scipere
302 3776 444 3834 -et‘cum
470 3787 510 3834 ea
535 3761 675 3860 pacifice
699 3775 733 3833 et
764 3759 839 3835 sine
868 3758 1071 3834 contumelia
1101 3758 1268 3834 Creatoria

148 3876 359 3952 cohabitare.
1080 3959 1082 3963 ¹

224 3994 298 4066 Nou
324 3992 386 4066 abs
414 4020 449 4066 rc
474 3995 537 4066 crit
562 4009 594 4066 ct
620 3994 685 4067 hoc
719 3993 843 4067 addere
877 4020 916 4066 cx
951 4019 1020 4066 sac.
1043 4018 1201 4090 congreg.
1225 3992 1267 4064 dc

148 4107 369 4210 propaganda
395 4107 463 4181 fida
488 4107 641 4182 decisum
668 4108 791 4196 luisse,
821 4107 911 4208 quod
930 4108 959 4181 si
978 4107 1055 4207 quis
1078 4107 1131 4179 vir
1151 4107 1269 4180 inlide-

221 4298 274 4361 (⁴9)
289 4297 335 4348 Dte
353 4304 374 4348 t.
389 4301 451 4360 Aug.
467 4302 537 4367 t759„

221 4375 275 4438 (tc)
289 4379 326 4427 tt.
341 4377 394 4425 ten.
409 4379 476 4426 utet.
