2804 5062
149 392 216 442 car.
231 390 286 440 vn.
301 390 340 439 nr
355 390 449 441 narn.
463 390 560 441 rnnn.
572 390 636 440 con
650 389 751 440 nnnc.
766 389 825 440 vnn
838 389 902 440 nra.
915 391 963 440 sr.
981 391 1051 442 aar.
1069 393 1091 441 r.
1147 370 1213 444 301

111 535 166 585 non
188 509 318 584 obtinet
337 507 443 584 soiius
465 508 625 608 baptismi
645 510 699 595 vi,
721 534 796 581 cum
819 525 946 584 constet
968 510 1217 588 matrimonium

111 640 209 698 ratum
235 624 405 710 fidelium,
427 625 455 695 si
476 650 541 697 non
567 624 665 697 inerit
693 640 983 711 consummatum,
1012 625 1217 725 quandoque

111 740 202 813 ctiam
228 765 331 838 posse
357 739 516 824 dissolvi,
548 754 652 812 restat
677 740 778 836 igitur
804 754 841 811 ut
866 766 939 811 eam
958 757 1160 840 assequatur
1176 768 1218 815 ex

111 856 229 930 atione
254 857 455 929 sacramenti
480 881 582 954 quam
610 857 803 952 coniugium
822 856 856 926 in
875 855 1072 930 infidelitate
1096 857 1216 931 initum

111 989 132 1044 rt
151 987 424 1045 consummatum
443 971 552 1043 induit
570 988 646 1071 post
664 987 833 1069 receptum
853 971 1000 1045 salutare
1025 972 1214 1059 lavacrum

111 1084 193 1158 nulla
220 1087 309 1158 enim
336 1084 403 1157 alia
428 1086 512 1159 ratio
535 1086 629 1158 reddi
653 1100 762 1185 potest
782 1085 991 1160 discriminis
1009 1087 1189 1161 eiusmodi.

171 1202 278 1273 Nemo
305 1201 451 1300 denique
477 1202 544 1274 iam
571 1203 606 1273 in
631 1201 772 1274 dubium
803 1217 936 1276 revocat
968 1203 1218 1278 matrimonium

111 1343 159 1414 >er
185 1334 435 1416 procuratorem
462 1316 686 1403 celebratum,
717 1334 775 1390 aut
800 1317 865 1391 sub
891 1317 1083 1393 conditione
1108 1319 1218 1418 ponti·

111 1431 197 1505 iciae
214 1432 482 1530 dispensationis
501 1433 642 1518 initum,
663 1433 811 1505 validum
830 1459 906 1506 esse
918 1459 958 1507 ac
971 1449 1218 1508 sacramentum

111 1546 190 1620 sitici
217 1572 278 1646 per
303 1572 505 1620 consensum
531 1546 674 1645 physice
695 1548 789 1646 prius
810 1574 830 1619 a
853 1548 990 1648 sponsis
1011 1547 1162 1621 elicitum
1179 1573 1219 1622 ac

111 1662 272 1737 noralitsr
297 1677 583 1762 perseverantem,
604 1662 711 1736 donec
729 1679 963 1762 procuratores
989 1664 1140 1763 ipsoram
1158 1689 1219 1737 no-

111 1779 192 1852 mine
214 1777 435 1865 contrahant,
463 1775 554 1877 quod
583 1793 661 1876 post
689 1777 824 1851 brevius
856 1777 1031 1874 longiusve
1057 1779 1218 1877 temporis

111 1894 250 1995 spatium
277 1894 472 1989 contingere
497 1892 599 1980 solet,
623 1891 677 1965 vel
701 1892 808 1966 donec
829 1891 1021 1991 pontificiae
1040 1891 1219 1992 dispensa·

111 2007 204 2083 ionis
224 2006 373 2082 conditio
393 2006 627 2106 adimpleatur.
645 2008 734 2104 Ergo
751 2005 837 2078 nihil
854 2022 942 2080 vetat
960 2007 1141 2108 quominus
1157 2007 1219 2082 da·

111 2143 155 2198 :us
185 2121 270 2198 olim
304 2148 491 2197 consensus
516 2122 552 2193 in
578 2121 775 2200 infidelitate
801 2121 972 2221 initusqua
1001 2138 1216 2210 contractus,

111 2241 161 2340 pri
186 2239 313 2336 iugiter
338 2252 547 2338 perseverat,
576 2238 611 2309 in
636 2239 849 2335 susceptione
869 2236 1029 2336 baptismi
1053 2263 1219 2312 unacum

113 2355 287 2429 ntantione
314 2352 473 2450 iungendi
494 2379 531 2427 se
551 2378 643 2427 more
669 2351 854 2426 christiano
880 2351 1055 2426 sufficiens
1080 2378 1120 2426 ac
1145 2351 1218 2427 ido·

111 2496 186 2544 reus
199 2469 247 2543 sit
260 2468 302 2541 ad
317 2484 563 2542 sacramentum
585 2465 851 2552 conficiendum,
875 2465 971 2539 cuius
990 2466 1057 2539 iam
1076 2491 1218 2566 capaces

111 2603 200 2672 mnt;
232 2584 429 2683 praesertim
455 2585 484 2655 si
512 2582 626 2682 (quod
655 2598 765 2655 tamen
792 2583 1020 2656 necessarium
1039 2587 1215 2680 nonest),

111 2700 213 2774 {enno
246 2698 302 2771 hic
327 2700 402 2797 ipse
432 2722 620 2772 consensus
655 2695 806 2796 adeoque
836 2712 1026 2771 contractus
1061 2723 1220 2798 expresse

111 2816 212 2891 serbis
240 2815 284 2887 de
309 2817 478 2913 praesenti
505 2830 693 2887 renovetur.
1139 2826 1142 2833 ·

173 2932 226 3003 lta
255 2929 393 3030 quidem
422 2928 643 3003 affirmativae
674 2932 860 3003 sententiaa
893 2931 1024 3031 patroni
1055 2957 1129 3004 eam
1159 2928 1219 3003 ad-

111 3061 248 3119 struunt.
271 3043 438 3119 Omnibus
456 3062 566 3118 autem
588 3046 650 3117 rite
668 3046 864 3145 perpensis,
886 3045 994 3144 liquet
1016 3046 1105 3120 hanc
1121 3044 1220 3142 longe

111 3161 285 3236 firmiorem
308 3161 415 3234 videri
442 3160 716 3261 solidioremque.
738 3162 810 3234 Non
837 3160 936 3234 modo
953 3161 1043 3233 enirn
1062 3161 1146 3234 satis
1168 3184 1219 3232 so

111 3277 181 3351 tidis
219 3276 446 3351 fundamentis
482 3277 669 3349 innituntur
694 3278 751 3376 qui
777 3302 851 3349 eam
885 3291 1124 3376 propugnant,
1158 3274 1219 3348 sed

111 3407 256 3470 nonunt
282 3391 381 3491 plane
408 3391 662 3465 fundamentum
690 3392 906 3491 praecipuum
933 3389 1215 3464 adversariorum.

111 3507 302 3610 Equidem,
332 3507 557 3606 principium,
586 3523 623 3579 ut
648 3506 820 3593 vidimus,
851 3505 1006 3579 omnibus
1033 3504 1101 3580 illis
1128 3530 1219 3579 com·

111 3650 203 3699 nune
226 3640 300 3711 est,
326 3623 417 3723 quod
439 3639 628 3696 contractus
654 3622 802 3719 coniugii
830 3621 934 3696 semel
958 3620 1071 3695 valide
1094 3621 1216 3707 initus,

111 3742 165 3817 risi
188 3766 268 3814 cum
290 3740 431 3812 iniretur
455 3739 654 3813 sacramenti
679 3754 832 3811 naturam
852 3737 1016 3825 induerit,
1043 3763 1221 3835 numquam

111 3855 265 3953 leinceps
287 3855 397 3953 possit
417 3870 663 3927 sacramentum
686 3852 794 3939 effici,
820 3880 878 3926 seu
907 3853 1018 3951 potius
1043 3853 1078 3924 in
1105 3878 1219 3926 eorum

111 3970 243 4072 [uidem
263 3970 440 4055 sententia,
463 3969 663 4042 sacramenti
679 3969 818 4068 materia
835 3994 923 4055 esse;
940 3968 984 4040 ad
1001 3966 1092 4066 quod
1110 3983 1221 4041 osten-

111 4086 253 4160 lendum
286 4110 401 4157 omnes
433 4084 614 4157 collineant
643 4085 814 4170 rationes,
845 4109 932 4183 quae
956 4081 998 4154 ab
1026 4082 1111 4180 ipsis
1138 4082 1221 4156 affe-

111 4216 223 4274 nntur
242 4215 280 4271 ut
296 4200 452 4272 evincant
477 4224 714 4272 conversorum
737 4197 929 4295 coniugium
944 4222 1005 4296 per
1015 4195 1220 4296 baptismum

111 4317 143 4390 td
172 4317 377 4390 sacramenti
403 4313 601 4412 dignitatem
619 4315 715 4390 evehi
735 4341 801 4390 non
818 4339 931 4413 posse.
953 4311 1013 4389 Ast
1029 4313 1147 4388 merito
1164 4311 1222 4385 ae-
