2804 5062
102 364 282 415 caraune
296 362 659 414 manumissores
671 364 732 412 vnn
745 361 809 413 eurr
823 363 998 415 cerumar.
1011 362 1058 416 ur.
1096 340 1165 417 ttt

58 482 283 557 eonscientiae
306 479 456 582 scrupuli
474 480 667 579 insurgant,
693 506 734 553 ac
755 480 940 581 periculum
966 482 1123 556 timeatur
1146 511 1166 557 a

59 597 275 672 renovatione
305 620 493 670 consensus
526 621 639 670 coram
668 596 814 695 parocho
844 595 1032 684 catholico,
1067 596 1167 670 sedes

57 709 242 816 apostolica
263 710 474 797 consulatur,
505 737 591 811 quae
611 710 647 781 in
665 710 801 784 casibus
827 709 1083 808 particularibus
1108 711 1168 784 de-

57 843 167 900 cernet
195 826 280 925 qnid
305 828 392 900 lactc
417 852 502 927 opus
530 826 585 899 sit.
616 825 689 912 Qua
716 827 837 924 agendi
867 828 995 900 ratione
1020 828 1168 926 prolecto

56 942 140 1014 nihil
154 942 292 1029 mitius,
310 942 447 1016 suarius
465 941 550 1013 nihil
568 967 608 1015 ac
625 941 824 1040 prudentius
846 941 1026 1039 excogitari
1043 957 1165 1041 potest.

57 1057 146 1130 Talis
174 1083 309 1158 semper
326 1057 388 1131 luit
403 1057 542 1167 spiritus
568 1056 734 1143 lenitatis,
755 1083 923 1157 quorem.
944 1057 1043 1130 sedes
1065 1057 1170 1131 infor-

56 1189 141 1246 nata
163 1189 228 1246 est,
252 1173 386 1246 Utinam
407 1172 524 1247 mdem
546 1172 668 1272 spiritu
691 1172 949 1246 informarentur
969 1171 1165 1259 acatholici,

58 1290 109 1388 qui
138 1305 234 1364 tanto
258 1289 425 1364 interdum
442 1315 478 1361 in
495 1314 568 1363 eam
594 1290 704 1362 lurore
728 1287 808 1363 odio
832 1307 1090 1365 consueverunt.

471 1515 679 1573 sericatus
703 1515 749 1568 lV.

65 1712 199 1783 Quaestio
213 1715 369 1788 exponitur
383 1712 523 1772 historica
538 1713 657 1772 ubinam
673 1713 874 1773 Tridentinum
890 1714 1035 1773 decretum
1047 1714 1084 1772 de
1097 1715 1159 1774 Me·
1224 1764 1226 1768 Α

130 1809 280 1871 trimoniis
300 1809 487 1873 clandestinis
507 1810 685 1887 publicatum
709 1809 815 1887 fuerit,
830 1827 864 1870 ac
875 1810 992 1870 ubinam
1004 1813 1172 1872 auctoritate

129 1906 291 1982 apostolico
311 1905 402 1966 eidem
423 1906 603 1985 derogatum.

66 2128 70 2135 ·
129 2099 211 2173 Post
228 2098 370 2172 solutam
390 2099 568 2173 theoretice
585 2101 815 2199 quaestionem
835 2099 1012 2173 iuridicam
1024 2099 1168 2174 declan-

60 2215 201 2287 destinis
234 2216 456 2288 matrimoniis
486 2217 557 2288 sive
588 2216 701 2289 mixtis
733 2216 804 2289 sive
837 2215 1103 2304 haereticorum,
1131 2230 1169 2288 ut

61 2329 226 2425 practicae
238 2331 454 2428 quaestiones
477 2329 665 2426 singulares
684 2330 768 2403 solvi
788 2329 883 2402 lacile
895 2331 1044 2429 possint,
1065 2346 1169 2403 restat

60 2461 92 2517 ut
112 2444 277 2519 historice
300 2471 508 2545 exponamus
533 2462 566 2519 et
587 2445 729 2546 propriis
757 2444 964 2518 documentis
991 2445 1169 2518 conlirme·

59 2586 151 2649 nius,
176 2562 441 2662 primoquidem
462 2561 600 2634 ubinam
622 2561 838 2634 tridentinum
859 2561 1030 2635 decretum
1056 2560 1168 2661 publi-

61 2693 171 2749 catum
196 2676 316 2764 luerit,
341 2676 393 2752 vel
418 2703 505 2763 non;
528 2677 665 2750 ubinam
690 2677 850 2777 deinceps
874 2677 1086 2751 benedictina
1103 2677 1169 2750 lle·

63 2789 201 2863 claratio
220 2789 318 2863 luerit
334 2807 482 2864 extensa.

132 2905 297 2992 Quamvis
316 2924 423 2979 autem
439 2903 522 2978 nulli
542 2910 788 3007 pepercerimus
807 2908 1001 3006 diligentiae
1018 2908 1061 2981 ad
1078 2908 1172 2981 elen-

61 3023 157 3096 chum
173 3023 246 3095 sire
257 3024 451 3121 positivum,
468 3024 540 3096 sive
554 3025 744 3121 negativum
757 3024 1002 3098 conficiendum
1020 3023 1168 3097 locorum

62 3139 92 3208 in
106 3137 235 3238 quibus
249 3139 464 3212 tridentinum
475 3139 643 3213 decretum
654 3140 717 3213 luit
727 3140 946 3239 publicatum,
959 3155 991 3212 ct
1001 3140 1034 3209 in
1044 3138 1169 3238 quibus

61 3252 306 3352 promulgatum
321 3282 386 3328 non
400 3271 463 3342 est,
474 3280 514 3327 ac
526 3257 745 3354 sategerimus
753 3256 949 3356 opportunis
963 3255 1170 3328 communire

61 3367 291 3457 documentis,
320 3370 514 3468 profitemur
537 3386 647 3442 tamen
670 3370 760 3443 bunc
782 3385 931 3446 nostrum
961 3367 1166 3455 elenchum,

61 3485 118 3556 etsi
137 3483 283 3570 ceteris,
303 3485 362 3584 qui
381 3485 543 3558 hactenus
568 3485 706 3558 exhibiti
726 3501 824 3573 sunt,
850 3483 1055 3583 pleniorem,
1086 3508 1172 3556 non-

61 3599 137 3671 dnm
170 3615 283 3672 tamen
317 3625 393 3674 esse
427 3601 562 3674 omnino
593 3600 794 3699 completum
826 3599 1095 3698 absolutumque.
1121 3599 1171 3671 llo

63 3714 193 3789 cunctis
211 3714 301 3788 enim
318 3714 409 3789 orbis
428 3715 604 3788 christiani
629 3715 822 3812 regionibus
846 3731 989 3788 statuere
1015 3714 1114 3787 luerit
1136 3713 1170 3785 in

62 3828 99 3901 iis
117 3855 227 3902 necne
245 3830 491 3929 promulgatum
510 3831 679 3904 decretum
696 3831 738 3903 de
751 3857 819 3929 quo
837 3830 1050 3917 disserimus,
1064 3829 1170 3902 ardna

63 3970 111 4018 res
129 3960 203 4030 est,
220 3969 260 4016 ac
273 3943 372 4042 plane
390 3945 539 4019 difficilis
555 3945 597 4019 ob
610 3946 883 4020 documentorum
902 3946 1098 4044 pracsertim
1111 3944 1171 4017 de-

63 4057 195 4132 lectum.
230 4058 338 4158 Atque
365 4076 401 4133 ut
425 4060 492 4131 iam
519 4061 721 4158 incipiamus
746 4060 880 4134 abillis
912 4059 1104 4160 regionibus
1134 4059 1169 4169 ip

64 4172 185 4272 quibus
201 4172 263 4248 luit
276 4176 521 4275 promulgatum
534 4175 750 4249 tridentinum
764 4176 946 4265 decretum,
964 4177 1095 4252 initium
1108 4175 1171 4257 du·

65 4289 165 4364 dutus
192 4289 238 4362 ab
263 4292 409 4389 Europa.
