2804 5062
150 366 194 436 20
378 386 440 436 uu.
461 386 497 435 u.
519 384 605 435 secr.
624 385 647 434 1.
669 385 707 434 nn
734 383 860 434 rorssr.
884 382 1009 434 sununs.

142 507 310 604 denegata·
332 519 394 580 est.
415 505 479 575 «Si
502 504 580 604 quis
602 503 790 603 privignam
816 529 912 576 suam
937 501 1068 574 duxerit
1091 526 1250 590 uxorem,

141 650 181 697 co
212 623 303 722 quod
333 621 378 695 sit
404 622 575 706 incestae,
605 619 732 719 placuit
763 619 884 692 necin
910 618 977 691 line
1004 617 1152 689 dandam
1176 643 1258 691 esse

141 738 407 815 communionem
423 739 538 832 (lt).»
554 736 699 808 Rursum
720 760 797 808 can.
820 734 887 806 XV.
912 731 1109 832 prohibetur
1136 733 1256 806 coniu-

140 853 232 952 gium
257 851 515 926 christianarum
537 852 705 949 uirginum
723 876 799 924 oum
817 848 982 923 ethnicis:
1007 850 1178 949 «Propter
1194 875 1253 923 co-

141 969 233 1069 piam
256 966 461 1066 puellarum,
485 967 666 1065 gentilibus
692 967 829 1039 minime
846 965 881 1036 in
899 965 1147 1038 matrimonium
1174 963 1258 1037 dan·

141 1082 205 1155 dae
223 1097 301 1155 sunt
316 1083 464 1179 uirgines
482 1081 698 1169 christianae,
719 1108 764 1181 ne
780 1096 872 1154 aetas
891 1081 926 1151 in
946 1080 1028 1152 llore
1049 1093 1196 1168 tumens,
1219 1081 1256 1152 in

141 1195 307 1295 adulterio
331 1197 465 1270 animae
491 1195 677 1270 resolvatur
697 1193 1256 1291 (17).»Demumcan.xvtl.sub

142 1327 324 1410 perpetuae
357 1309 713 1385 excommunicationis
751 1308 1020 1381 interminatione
1057 1306 1260 1407 prohibetur.

143 1428 324 1527 quominus
355 1442 510 1527 parentes
542 1426 630 1500 filias
663 1451 743 1499 suas
773 1424 892 1524 nuptui
924 1423 1057 1497 tradant
1086 1422 1254 1497 idolomm

143 1542 394 1617 sacerdotibus:
419 1543 579 1643 «Siquis
604 1540 688 1615 sorte
713 1539 943 1615 sacerdotibus
967 1538 1131 1612 idolorum
1163 1539 1254 1614 filias

144 1682 225 1732 suas
243 1658 405 1745 iunxerit,
431 1658 577 1758 placuit,
604 1683 666 1730 nec
686 1657 721 1730 in
745 1656 812 1729 fine
832 1655 882 1728 eis
904 1653 1052 1728 dandam
1072 1665 1153 1729 esse¹
1168 1681 1255 1730 oom-

144 1773 337 1846 muniouem
362 1776 476 1871 (18).›>

215 1888 277 1963 llic
306 1914 373 1964 nou
399 1891 654 1978 contendimus,
687 1891 721 1962 in
752 1889 807 1961 his
834 1887 980 1988 aliisque
1013 1887 1251 1975 documentis,

142 2030 229 2103 quae
254 2005 366 2078 afferri
394 2006 492 2079 facile
516 2022 655 2105 possent
676 2032 716 2079 ex
742 2005 913 2107 primaeva
931 2003 989 2076 illa
1007 2018 1114 2077 aetate
1135 2003 1192 2100 agi
1213 2003 1258 2077 de

143 2117 393 2218 impedimentis
423 2120 672 2194 matrimonium
704 2118 969 2205 dirimentibus,
1007 2117 1096 2191 hanc
1127 2117 1256 2218 quippe

143 2234 405 2308 controversiam
430 2260 520 2307 nune
545 2235 762 2333 seponimus,
791 2259 868 2307 cum
894 2233 979 2307 alias
1006 2232 1049 2306 de
1073 2259 1114 2306 ea
1138 2232 1256 2331 singil-

141 2348 234 2422 latim
253 2376 363 2424 sermo
387 2350 459 2424 fieri
478 2350 614 2437 debcat;
640 2349 699 2422 sed
719 2348 802 2422 illud
819 2375 924 2423 unum
942 2350 1139 2437 asserimus,
1160 2350 1254 2449 quod

141 2489 240 2538 nemo
261 2465 405 2538 inficiari
423 2466 563 2564 poterit,
587 2465 670 2565 quin
690 2464 803 2538 omnia
820 2482 956 2565 respuat
978 2481 1035 2538 aut
1058 2465 1092 2536 in
1110 2463 1253 2538 dubium

144 2593 295 2666 reuocet,
323 2605 411 2678 qune
436 2579 537 2654 alluta
558 2597 639 2655 suut
659 2580 875 2669 documenta,
897 2581 1015 2681 primis
1034 2581 1082 2653 rei
1101 2580 1256 2656 christia·

143 2718 207 2765 nae
225 2692 370 2782 seculis,
392 2721 453 2768 seu
470 2696 534 2768 sub
547 2695 691 2770 ethnicis
706 2697 978 2797 imperatoribus,
999 2696 1175 2770 ecclesiam
1195 2724 1255 2771 no-

143 2807 234 2882 mine
254 2824 288 2884 et
308 2810 505 2886 auctoritate
531 2813 685 2913 propria,
716 2813 867 2913 adeoque
892 2813 1011 2913 plena,
1039 2838 1196 2912 suprema
1216 2840 1255 2886 ae

87 3011 88 3015 Ἴ
143 2921 389 3023 independente
414 2925 512 3027 plura
535 2928 624 3001 circa
644 2928 893 3001 matrimonium
918 2927 1068 3001 fidelium
1090 2928 1255 3002 constitu-

143 3039 230 3127 isse,
253 3040 404 3141 illudque
428 3059 465 3115 ut
486 3069 555 3116 rem
578 3069 692 3131 suam,
718 3071 777 3118 seu
805 3043 870 3116 sibi
895 3070 916 3116 a
941 3041 1075 3116 Christo
1097 3044 1254 3117 traditam

141 3154 185 3228 ab
205 3156 301 3233 initio
323 3175 506 3259 spectasse.
524 3160 715 3234 deserimus
737 3175 925 3261 praeterea,
948 3186 988 3232 cx
1011 3159 1129 3232 iisdem
1150 3159 1253 3233 docu-

142 3273 265 3347 mentis
291 3291 463 3362 constaro,
493 3275 669 3349 ecclesiam
700 3276 771 3349 suis
803 3275 837 3347 in
867 3272 1098 3348 sanctionibus
1125 3273 1253 3348 nullam

142 3386 300 3463 iniecisse
316 3392 360 3464 de
375 3393 532 3467 civilibus
550 3392 701 3492 legibus,
721 3391 813 3466 etde
830 3390 965 3492 politica
977 3406 1141 3490 potestate
1158 3416 1253 3462 men-

142 3499 284 3589 tionem;
306 3504 367 3576 sed
384 3525 575 3581 constanter
598 3534 799 3608 provocasse
817 3523 874 3580 aut
896 3507 1073 3580 adsueras
1098 3505 1247 3589 litteras,

140 3632 199 3689 aut
228 3616 271 3691 ad
306 3621 523 3719 apostolicam
552 3624 788 3710 traditionem,
819 3624 944 3696 autad
974 3618 1251 3696 consuetudinem

142 3734 328 3822 maiorum,
352 3750 410 3808 aut
428 3736 573 3836 denique
594 3738 636 3810 ad
659 3755 848 3812 sauctorum
869 3740 1016 3814 virorum
1033 3748 1177 3823 statuta,
1207 3734 1250 3809 ad

141 3845 348 3924 honestatem
373 3851 651 3952 sanctitatemque
667 3852 843 3926 christiani
861 3853 1026 3952 coniugii,
1047 3879 1087 3926 ac
1099 3879 1137 3926 se
1150 3851 1251 3952 plane

141 3976 354 4038 antonomum
375 3968 409 4039 in
435 3967 619 4042 christiano
643 3968 799 4066 coniugio
825 3967 969 4066 regendo
994 3967 1205 4067 patefecisse.

217 4174 266 4237 ne)
283 4175 344 4226 run
360 4177 407 4228 001.
421 4184 473 4230 nr.

214 4254 264 4317 nr>
284 4255 406 4308 nram
419 4265 472 4311 an.

217 4334 267 4399 nn
283 4335 345 4386 rur.
