2804 5062
153 380 197 454 tt
255 406 258 413 ·
391 398 451 456 trs.
473 399 508 453 ss.
530 399 615 454 secr.
638 402 659 452 ι.
682 358 1010 453 cenomannenses.

151 544 219 623 quo
238 521 363 620 bigami
385 517 588 620 repelluntur
605 515 646 592 ad
663 510 891 607 ordinatioue;
909 510 996 589 xix.
1021 534 1090 618 quo
1106 528 1261 591 arcentur

151 664 171 712 a
194 635 299 725 clero,
320 632 379 736 qui
396 636 482 709 duas
500 653 630 709 sorores
648 633 821 720 duxerint3
842 626 969 705 situ.
990 651 1058 733 quo
1076 627 1260 733 prohiben-

150 767 204 827 tur
220 750 377 848 coniugia
394 748 524 823 clericis
550 747 721 848 innuptis,
746 741 893 847 exeeptis
919 757 1047 819 tantum
1077 738 1259 820 lectoribus

151 882 184 941 et
196 866 409 952 cantoribus,
431 883 491 938 seu
509 863 721 938 constituitur
737 859 1013 962 impedimentum
1030 854 1179 946 ordinis,
1201 879 1260 936 eu-

151 982 205 1055 ius
228 980 391 1067 muenia,
419 995 532 1079 utpote
556 975 614 1078 qui
641 972 780 1078 propius
803 975 844 1049 ad
870 997 941 1048 rem
967 989 1116 1049 nostram
1137 971 1256 1064 iaciat,

150 1093 252 1170 verba
278 1096 360 1169 haee
386 1108 488 1168 sunt:
520 1087 707 1192 «innuptis
732 1104 867 1178 aulem,
891 1087 950 1191 qui
976 1086 1018 1164 ad
1043 1083 1172 1164 clerum
1188 1108 1261 1191 pits

151 1208 236 1284 vecti
255 1222 352 1298 sunt,
373 1209 619 1310 praecipimus,
640 1222 677 1280 ut
689 1207 716 1280 si
730 1205 914 1293 noluerint,
935 1223 1056 1280 uxores
1069 1199 1254 1306 accipiant,

152 1324 212 1398 sed
229 1322 389 1417 lectores,
410 1311 628 1421 cantoresque
645 1318 875 1394 tantummodo
896 1315 985 1415 (dd).
999 1349 1016 1388 n
1032 1311 1075 1391 iii
1092 1339 1194 1420 porro
1210 1336 1261 1394 ea

153 1460 278 1525 nonas,
306 1432 424 1513 saltam
442 1436 611 1536 usquead
629 1429 963 1537 quinquagesimum,
982 1456 1004 1508 a
1025 1430 1110 1508 dns
1130 1447 1261 1534 aposto

154 1551 250 1641 licis,
276 1551 341 1627 hoe
362 1566 428 1635 est,
449 1549 598 1626 seeundo
615 1547 764 1637 labents,
785 1566 818 1622 et
835 1547 969 1622 ineunte
987 1549 1083 1623 tertio
1100 1568 1121 1622 a
1137 1542 1261 1623 Christi

154 1667 326 1743 nativitate
343 1660 456 1742 seculo
473 1662 642 1740 constituti
661 1680 739 1738 suut
755 1684 794 1738 ae
811 1685 932 1762 magno
951 1683 1084 1765 semper
1100 1658 1136 1737 in
1156 1664 1261 1765 pretio

155 1785 189 1857 in
215 1779 356 1857 eeclesia
381 1775 486 1855 habiti
515 1783 603 1878 (ts).
632 1772 798 1878 Origenes
828 1780 988 1879 supponit
1011 1779 1115 1853 latam
1139 1780 1185 1854 ab
1208 1799 1261 1856 oo-

155 1898 258 1973 clesia
292 1892 416 1995 legem,
447 1917 523 1971 cum
554 1890 698 1969 aiiii-mat
718 1920 791 1968 eam
820 1915 887 1968 non
908 1895 1083 1969 admittere
1108 1890 1261 1994 digamos

157 2015 191 2086 in
213 2007 337 2087 olemm
364 2012 532 2086 scribens:
560 2005 680 2085 «Sicut
697 2007 741 2084 ab
760 2007 997 2084 ecclesiasticis
1018 2004 1261 2109 dignitatibus,

156 2151 222 2201 non
242 2128 351 2202 solnm
369 2125 564 2214 fornicatio,
584 2125 642 2201 sed
660 2141 690 2198 et
702 2129 834 2225 nuptiae
848 2123 1028 2224 repelluut3
1048 2122 1261 2226 nequeenim

157 2244 337 2345 episcopus
350 2303 358 2330 ‚
372 2262 436 2316 neo
455 2238 653 2342 presbyter,
675 2265 736 2313 nee
752 2232 936 2326 diaeonus,
959 2261 1020 2312 nee
1037 2236 1142 2313 uidua
1169 2233 1261 2336 (dia-

157 2360 314 2453 metesa)
339 2371 475 2456 possunt
499 2381 564 2428 esse
585 2356 712 2453 dipemt'
737 2358 862 2451 (55).»

76 2457 77 2460 “
230 2470 280 2544 sd
305 2472 367 2546 has
392 2470 553 2545 ecelesiae
585 2469 676 2568 leges
701 2461 814 2569 aperte
833 2468 952 2544 alludit
969 2491 998 2544 s.
1017 2466 1168 2570 ignatius
1186 2464 1261 2544 dutn

159 2590 193 2658 irs
214 2588 314 2685 epist.
336 2587 379 2658 ad
397 2584 614 2685 Polycarpum
639 2578 852 2684 praescribit,
873 2601 910 2659 ut
930 2586 1044 2687 sponsi
1067 2602 1101 2658 et
1120 2604 1261 2686 sponsas

159 2703 198 2773 de
218 2703 375 2774 scatentia
400 2703 542 2798 episcopi
561 2701 753 2798 coniugium
776 2700 916 2783 iaciant,
944 2722 1020 2801 quo,
1036 2702 1176 2803 nuptiae·
1201 2700 1261 2774 sint

159 2810 344 2891 seeundum
368 2816 559 2889 Dominum.
585 2807 659 2888 lilia
683 2815 881 2890 documenta
907 2836 947 2888 ex
972 2805 1089 2892 tribus⁴
1122 2815 1261 2890 rioribus

159 2913 282 2989 seculis
302 2913 548 3013 praetermitto,
569 2936 644 2986 eum
669 2930 814 3012 eaquae
836 2911 1007 2986 attulimus
1029 2934 1070 2986 sn
1110 2912 1203 2986 ciant
1224 2912 1261 2987 sd

100 3023 105 3035 '
160 3028 403 3104 ostendendum
424 3029 513 3128 quud
532 3029 788 3128 proposuimus,
809 3034 930 3127 nempe
952 3026 1128 3102 ecelesiam
1147 3027 1261 3125 ingiter

227 3190 277 3253 (5³)
293 3192 321 3240 ln
339 3190 449 3240 versione
465 3189 507 3238 eil.
524 3190 584 3240 alias
597 3192 634 3240 eat
647 3192 711 3239 xlx.

228 3266 278 3331 (adt
292 3261 330 3319 ci.
347 3268 507 3319 Gulltelmum
526 3262 680 3331 mremgtnm
704 3269 741 3318 ne
755 3267 900 3318 conantius
919 3264 1069 3332 apestollets
1086 3258 1261 3319 tamenn

159 3355 268 3400 numero
283 3352 310 3399 et
327 3351 486 3400 auctoritate
504 3359 635 3400 cononum
652 3348 854 3413 apostolicorum
868 3348 891 3412 ς.
907 3351 937 3398 ll.
949 3348 994 3412 oui
1004 3347 1112 3399 oetandit
1125 3348 1176 3399 isan
1189 3361 1205 3398 a
1218 3360 1261 3400 us

159 3427 252 3478 loribus
277 3429 350 3479 irrisae
373 3433 482 3493 receptos
507 3443 611 3480 canones
635 3429 709 3490 istos,
726 3432 751 3479 et
769 3429 851 3479 monio
870 3431 902 3478 ll.
923 3427 1017 3478 labente
1035 3431 1060 3478 st
1079 3428 1151 3478 tardo
1173 3429 1261 3480 trauan

160 3506 237 3557 tulate
256 3503 379 3560 collectos.
396 3510 465 3573 arud
482 3507 630 3560 eolelerlum
645 3512 801 3560 sanctorum
818 3509 943 3572 patrum,
963 3511 1010 3572 qut
1029 3505 1189 3572 conpetens
1209 3511 1261 3573 ops

160 3584 428 3649 stoltctafloruemnt.
442 3589 594 3650 antuerpiae
613 3595 680 3639 sess.
691 3588 742 3637 rol.
762 3590 782 3637 l.
795 3599 849 3650 psa.
861 3591 916 3639 stt.
929 3586 962 3636 oi.
978 3584 1052 3637 atla·
1065 3585 1126 3636 ibid.
1144 3591 1199 3650 pap
1212 3583 1258 3638 tii

159 3657 268 3716 eiusdem
284 3664 399 3715 (loieleril
413 3667 443 3716 de
459 3667 497 3716 lais
513 3667 646 3717 canonibus
661 3667 799 3717 tudinum.

229 3745 279 3809 (it)
295 3739 367 3796 ilem
385 3745 460 3795 llvll.
478 3746 504 3794 iu
520 3743 579 3796 Luc.
592 3760 648 3810 opp.
661 3741 701 3796 ed.
718 3741 749 3796 de
763 3739 798 3795 La
812 3744 864 3796 llne
874 3747 934 3795 tom.
949 3741 992 3795 lll.
1008 3754 1063 3808 pag.
1080 3747 1134 3796 tta.

229 3829 284 3877 ilue
297 3823 389 3890 pariter
409 3825 546 3876 solemnius
564 3834 628 3889 quse
644 3825 730 3876 setlltit
747 3826 912 3876 Tertullianus
932 3826 957 3875 its
973 3825 1017 3875 ills.
1033 3827 1073 3875 tls
1086 3827 1261 3888 ntem,

161 3922 214 3972 cap.
228 3911 281 3959 llil.
296 3909 322 3959 ln
333 3919 383 3972 quo
395 3907 472 3971 legem
485 3905 576 3956 iamdiu
588 3907 614 3956 iu
625 3906 730 3958 cecloela
742 3907 900 3957 constitutam
912 3920 941 3956 ae
954 3905 1050 3956 firmam
1065 3906 1198 3970 mpponitr
1212 3905 1261 3958 dnn

159 3987 224 4036 asim
242 3983 296 4038 vult
307 3976 519 4038 indiscriminatim
535 3986 650 4037 omnibus
665 3982 843 4050 monogamiam
852 4000 905 4038 esse
919 3990 1090 4050 communale,
1106 3980 1179 4050 urani
1193 3988 1261 4037 aad

161 4067 229 4129 plum
240 4067 314 4130 cleri,
326 4069 368 4131 qui
382 4068 449 4118 illam
461 4066 566 4131 profiteri
577 4066 703 4117 tenebatur
714 4071 844 4131 authnam
855 4067 886 4116 ad
900 4067 1077 4118 eeeloelastleoa
1086 4065 1179 4130 aradus
1189 4077 1261 4117 uon

161 4147 230 4198 derat
243 4147 332 4198 auree
341 4149 423 4210 enim,
438 4149 534 4212 lnquit,
546 4147 652 4211 episcopt
670 4149 696 4197 et
706 4147 801 4198 dnus?
812 4159 893 4198 noune
910 4147 941 4198 de
952 4146 1082 4203 amatim
1091 4146 1118 4196 sl
1128 4159 1179 4196 non
1190 4157 1261 4197 omas

161 4227 329 4289 monogamiae
344 4229 471 4289 tenentur,
488 4227 554 4278 unde
569 4228 705 4289 monogami
717 4228 742 4277 ln
753 4228 863 4277 elerum?
876 4232 912 4277 sn
928 4225 990 4277 ordo
1004 4226 1096 4290 aliquis
1110 4237 1223 4278 mmm
1233 4225 1261 4277 tlt

162 4306 229 4359 senis
247 4306 340 4358 institui
355 4319 571 4371 monogamorum,
587 4307 619 4358 de
633 4321 683 4370 qno
698 4307 802 4359 reinna
818 4307 860 4356 liat
874 4306 899 4357 in
913 4306 1040 4357 ataenis
