2804 5062
152 248 222 321 tro
393 268 455 320 ara.
476 267 513 319 u.
532 265 619 318 secr.
640 267 665 318 r.
685 265 726 316 aa
751 263 878 318 rorrsr.
899 264 1028 320 samm.

149 402 321 475 mentum,
344 402 415 461 aut
438 386 475 459 in
499 399 642 473 neutro3
680 411 758 459 cum
792 400 905 459 autem
932 386 969 458 in
995 382 1131 460 infideli
1165 409 1261 461 sacra·

149 520 299 580 mentum
320 503 464 578 existere
484 528 552 577 non
579 505 706 601 possit,
736 527 847 601 neque
871 501 906 574 in
933 501 1081 600 coniuge
1104 501 1199 576 iideli
1216 501 1263 578 ha-

148 620 222 694 beri
240 636 371 719 potest;
393 645 434 692 eo
450 617 504 693 val
526 618 636 716 magis
660 618 751 716 quod
769 634 1019 692 sacramentum
1036 618 1208 694 rationem
1223 644 1265 692 sc

148 751 272 837 quatur
292 750 503 820 contractuS,
527 733 581 807 cui
600 733 668 807 nisi
690 749 833 833 utraque
853 758 934 832 pars
951 749 1158 822 concurrat,
1183 760 1265 808 exur-

149 877 228 950 gere
253 850 381 950 nequit.

221 965 266 1039 At
288 990 368 1039 vero
397 979 576 1039 evanescet
599 964 767 1039 eiusmodi
792 963 977 1040 difficultas
1005 965 1037 1040 si
1065 966 1103 1039 in
1130 981 1265 1041 mentem

148 1097 323 1156 revocetur
353 1079 620 1179 unumquodque
650 1096 897 1155 sacramentum
932 1079 1062 1156 habers
1094 1080 1264 1182 quidpiam

149 1194 216 1269 sibi
238 1194 432 1295 proprium,
455 1194 546 1293 quod
570 1193 647 1267 aliis
673 1220 740 1267 non
766 1193 934 1268 convenit.
957 1195 1077 1294 ltaque
1097 1210 1137 1268 ut
1153 1195 1197 1271 de
1212 1195 1264 1268 mi·

148 1310 256 1385 nistra
274 1310 370 1408 prius
393 1307 623 1396 disseramus,
645 1308 731 1381 nihil
750 1307 911 1409 impedit,
932 1309 1120 1410 quominus
1139 1309 1177 1383 in
1192 1335 1261 1386 casa

148 1439 265 1501 nostro
282 1424 482 1500 sacramenti
501 1424 656 1499 minister
672 1425 781 1526 possit
798 1449 874 1502 esse
892 1450 972 1523 pars
985 1424 1195 1500 contrahens
1209 1423 1259 1499 etsi

148 1541 318 1629 infidelis,
347 1567 425 1615 nam
450 1540 516 1614 hoc
537 1566 578 1614 ex
599 1541 801 1615 necessitate
827 1540 1001 1641 provenit,
1029 1539 1076 1615 ad
1097 1566 1179 1616 eum
1203 1565 1259 1614 mo

147 1659 248 1747 dum,
271 1685 340 1759 quo
364 1658 473 1734 etiam„
493 1657 642 1732 infidelis
668 1656 704 1730 in
730 1658 945 1732 necessitatis
962 1683 1048 1734 casu
1067 1675 1258 1760 potestesse

147 1774 309 1876 baptismi
330 1775 634 1871 administrarat).
657 1774 754 1862 Quod
777 1801 856 1851 vero
878 1775 997 1849 attinet
1013 1774 1060 1849 ad
1080 1791 1256 1850 contractus

149 1908 184 1966 et
196 1893 398 1967 sacramenti
412 1909 586 1978 naturam,
603 1891 750 1966 dicimus
764 1891 907 1967 aiterum
922 1891 966 1966 ab
979 1890 1089 1966 altero
1107 1888 1256 1989 distingui

147 2008 283 2084 debere.
315 2011 399 2084 Nam
425 2010 581 2111 quamvis
608 2010 823 2084 verissimum
848 2011 895 2084 sit
916 2036 952 2084 ra
976 2036 1086 2083 unum
1112 2009 1254 2108 idemque

146 2152 226 2201 csse
241 2142 449 2203 contractum
462 2143 495 2200 et
507 2144 766 2214 sacramentum,
787 2129 980 2226 caqt'tctr'oaa
998 2142 1114 2200 tamen
1131 2124 1253 2200 alterum

146 2243 190 2317 ab
207 2243 312 2318 altero
331 2244 571 2342 distinguitur,
593 2259 627 2317 et
651 2244 700 2317 ita
724 2260 761 2318 ut
785 2259 976 2319 conmeatus
1003 2258 1131 2317 natura
1152 2268 1193 2316 ac
1212 2264 1253 2313 ra-

146 2358 239 2432 tione
259 2359 407 2457 anterior
429 2358 478 2432 sit·
496 2364 728 2446 sacramento,
752 2358 845 2459 quod
862 2384 904 2432 ex
921 2357 979 2432 illo
997 2357 1082 2431 dum
1099 2372 1179 2432 actu
1193 2380 1251 2430 con

146 2472 278 2559 ficitur,
311 2499 372 2546 seu
399 2500 440 2545 cx
466 2499 506 2547 ca
531 2473 670 2546 instanti
702 2499 771 2572 quc
802 2473 970 2572 perfectus
1002 2489 1086 2560 est,
1124 2469 1248 2568 murgit.

145 2589 235 2661 Hinc
268 2589 342 2660 fieri
372 2589 511 2687 quidem
542 2588 675 2688 nequit,
704 2606 742 2663 ut
771 2589 935 2662 habeatur
960 2596 1157 2663 contractus
1184 2585 1248 2687 quin

144 2731 206 2804 per
231 2704 368 2776 modum
395 2704 497 2777 unius
523 2705 591 2778 duo
617 2705 652 2777 in
679 2705 809 2804 aliquid
834 2705 1078 2793 consentiant,
1111 2722 1149 2779 at
1176 2700 1249 2777 nulla

144 2836 198 2895 cst
218 2821 440 2920 repugnantia
461 2821 552 2920 quod
578 2847 618 2893 ex
644 2821 778 2895 duobus
799 2822 1081 2895 contrahentibus
1099 2821 1200 2906 alter,
1216 2815 1248 2890 ab

144 2937 219 3010 eius
252 2937 526 3034 incapacitatem,
562 2953 811 3010 sacramentum
838 2963 906 3010 non
932 2938 1098 3037 recipiat,
1129 2933 1247 3034 recipiat

143 3078 223 3128 vero
245 3052 302 3126 ille
323 3053 382 3152 qui
406 3053 449 3125 ad
473 3070 720 3126 sacramentum
747 3053 890 3127 idoneus
908 3068 971 3127 est.
995 3053 1096 3138 Quod
1114 3050 1247 3153 pluribus

144 3167 308 3267 exemplis
330 3167 490 3242 illustrari
510 3184 642 3269 posset,
665 3169 835 3269 siquidem
853 3196 939 3269 opus
958 3187 1062 3245 esset.
1081 3169 1137 3243 Sic
1154 3195 1193 3242 ex
1206 3188 1247 3237 ea·

215 3441 265 3506 (ie)
281 3444 336 3494 iton
360 3442 450 3494 desunt
472 3445 516 3508 qui
535 3444 675 3495 existiment
690 3445 714 3494 in
731 3447 884 3496 sacramenta
899 3446 1051 3496 matrimonii
1068 3450 1249 3511 unumquemque

142 3514 340 3577 contrahentium
356 3525 404 3576 sibi
420 3524 467 3590 ipsi
484 3526 532 3578 hoc
547 3530 727 3577 sacramentum
743 3527 927 3589 administrare,
942 3526 1084 3579 cuiusmodi
1098 3529 1164 3580 inter
1176 3529 1249 3579 atati

143 3607 182 3665 ost
197 3605 374 3656 Stoicidae.
389 3620 414 3668 q.
430 3614 451 3655 i.
464 3620 488 3656 u.
503 3614 538 3656 tt.
548 3607 618 3670 quia,
632 3613 660 3657 ut
676 3608 740 3657 idem
757 3607 870 3672 disserit,
885 3608 1008 3657 sisinnus
1024 3611 1180 3659 conuectum
1194 3605 1247 3657 adst

144 3668 219 3748 qiratc
230 3684 349 3754 eunicae
359 3698 408 3733 non
418 3686 510 3748 potest.
520 3698 576 3734 cum
589 3685 620 3735 sd
631 3689 784 3736 contractum
796 3699 894 3737 omnem
904 3687 1009 3736 duorum
1021 3687 1045 3735 in
1055 3685 1123 3738 idem
1135 3691 1248 3737 consecstt

141 3765 298 3827 requiratur,
310 3765 392 3828 potuit
399 3766 480 3823 tamea
490 3765 526 3814 nic
537 3777 552 3814 a
563 3768 615 3815 Dea
626 3767 741 3817 constitui
752 3767 903 3817 matrimonii
914 3769 1113 3829 sacramentam,
1125 3772 1155 3819 at
1164 3768 1248 3831 quatit

141 3843 205 3894 iilud
222 3844 270 3894 sihi
288 3845 453 3907 ministraret,
468 3857 499 3894 ne
512 3846 551 3896 vsi
567 3845 619 3894 cius
636 3847 713 3908 gratia
729 3860 772 3911 per
788 3848 889 3898 atterius
902 3847 1037 3911 nequitiam
1054 3849 1207 3912 pararetur,
1219 3839 1247 3892 m

142 3925 294 3984 sporcatore
311 3925 491 3980 sacramentum
506 3923 661 3987 accipiendo,
679 3925 802 3988 iniquitati
818 3927 872 3977 eius
888 3925 1247 3990 cooperaretur.1nincmten

141 4001 270 4065 hypothesi
291 4004 438 4053 contrahens
460 4006 564 4067 uterque
575 4005 732 4067 tritonidem
747 4008 868 4057 ettnsstrr
883 4007 1063 4069 tatearitctis,
1080 4007 1163 4070 inquit
1176 4007 1247 4055 flant

141 4095 197 4148 pag.
210 4086 264 4133 itit.
276 4095 328 4134 noa
341 4086 428 4134 tamen
440 4083 664 4135 trrdtatritttr'tatis
681 4089 802 4149 respectu
820 4089 994 4148 sacramenti,
1015 4086 1078 4138 ticet
1098 4086 1162 4138 tatia
1175 4087 1207 4136 dt
1217 4092 1245 4131 rt

140 4162 232 4224 specta
246 4164 407 4239 contractus.
420 4162 490 4226 Apud
504 4163 585 4216 coiiet
595 4177 620 4213 n.
633 4168 787 4216 staverem
798 4179 894 4217 necesse
905 4178 954 4216 nan
966 4167 1004 4217 est
1013 4164 1045 4216 sd
1057 4167 1131 4219 hasce
1141 4160 1246 4230 arisatia

141 4253 188 4293 aas
198 4241 311 4306 recipere.
