2804 5062
249 360 318 431 snt
431 356 501 431 Ιιιι.
524 380 559 429 ιι.
582 350 819 429 ιιιι.ἰιιιιιι.
842 378 880 427 nn
899 377 1024 427 norror.
1046 376 1156 429 crvrur.

247 524 435 602 supponere
451 498 632 572 dicendum
652 514 724 583 est,
746 512 803 569 aut
822 498 889 570 uim
913 523 979 571 non
998 496 1163 571 habuisse
1181 498 1252 571 nisi
1274 513 1354 597 post·

246 642 347 718 qnam
360 632 393 689 et
405 630 570 714 quatenus
583 611 923 687 abecolesialuerunt
935 612 1126 713 adoptatas.
1137 612 1304 698 Quocirca
1315 614 1351 686 ed

246 756 362 805 omnes
379 729 513 805 extendi
531 728 629 801 debet
643 728 732 828 quod
746 727 873 801 Natalis
886 727 979 801 lllsx.
992 728 1036 802 de
1054 729 1248 804 lastiniano
1264 730 1354 804 aduc

246 848 338 920 tavit.
354 847 410 917 oSi
429 872 515 947 quas
532 869 612 917 uero
630 869 733 917 noras
751 843 842 940 leges
861 842 935 916 tulit
952 844 995 916 dc
1012 843 1249 918 ecclesiastiea
1260 847 1354 918 disci·

248 960 342 1060 plina
367 960 595 1044 lastinianus,
623 958 691 1031 vim
719 957 796 1030 illae
821 984 889 1032 nou
919 958 1111 1032 habuerunt
1135 958 1266 1046 ullum,
1296 960 1353 1032 nisi

245 1078 326 1176 quia
351 1074 498 1149 suntab
523 1075 667 1147 ecclesia
693 1089 846 1172 receptae
871 1089 904 1147 et
929 1073 1137 1173 approbatae
1158 1077 1277 1173 (50).»

319 1193 366 1263 Ne
392 1205 503 1264 autem
527 1189 702 1262 videamur
727 1215 768 1261 ex
794 1187 933 1262 arbitrio
951 1189 986 1261 id
1004 1189 1219 1277 affirmasse,
1245 1190 1356 1263 iuverit

247 1306 418 1380 nonnullis
436 1305 598 1406 exemplis
616 1305 651 1377 id
671 1305 876 1403 patefacere,
891 1331 933 1378 ac
945 1308 980 1377 1.
998 1305 1034 1377 id
1052 1305 1204 1378 efficitur
1220 1333 1262 1379 ex
1278 1306 1354 1405 ipsis

247 1422 314 1495 iam
340 1421 494 1495 adductis
512 1420 698 1494 canonibus
715 1420 933 1494 conciliorum
959 1420 1181 1518 agathensis,
1210 1437 1245 1495 et
1269 1447 1355 1521 apae

247 1535 386 1623 nensis,
414 1534 539 1634 quibus
564 1534 711 1608 vidimus
730 1551 798 1607 tum
818 1534 912 1607 irrita
929 1534 1017 1608 lacta
1033 1534 1142 1609 luisse
1159 1535 1197 1607 in
1216 1535 1353 1610 futurum

245 1651 403 1749 coniugia
428 1651 515 1723 inter
538 1649 678 1737 affines,
707 1665 777 1723 turn
802 1649 916 1724 valida
933 1648 1102 1724 declarata
1120 1649 1252 1739 luisse,
1278 1675 1354 1751 quae

246 1781 345 1840 antea
370 1766 454 1838 inita
480 1764 621 1839 lucrant.
639 1760 741 1838 Porro
765 1780 891 1838 eertum
910 1780 963 1838 est
978 1764 1107 1838 iamdiu
1125 1764 1190 1838 illa
1207 1764 1354 1863 coniugia

247 1881 354 1955 luisse
379 1880 555 1982 reprobata
580 1880 623 1952 ab
648 1882 848 1980 imperatore
865 1879 1055 1954 Theodosio
1072 1881 1238 1969 seniore3
1262 1907 1351 1981 quam

245 1995 352 2094 legem
378 1996 435 2070 alii
461 1996 666 2070 contendunt
690 1996 797 2069 luisse
822 1995 980 2069 abolitam
1001 1995 1048 2069 ub
1065 1995 1161 2070 illius
1186 2023 1354 2072 successo·

247 2112 342 2187 ribus
367 2112 511 2186 Arcadio
535 2127 569 2185 et
585 2112 749 2199 Honorio,
770 2111 828 2185 alii
846 2138 925 2186 vero
941 2111 1150 2187 contendunt
1168 2113 1207 2186 in
1231 2140 1294 2189 suo
1312 2139 1354 2187 ro

245 2228 326 2303 bore
337 2229 488 2326 viguisse
500 2254 609 2328 usque
626 2226 668 2300 ad
686 2229 909 2301 lustinianum
931 2229 1019 2323 (tr).
1037 2229 1076 2300 ln
1089 2244 1241 2330 utraque
1256 2230 1353 2331 hypo

246 2343 332 2418 thesi
346 2359 438 2443 patet
451 2342 593 2417 eoncilia
603 2368 795 2443 supremam
805 2343 897 2417 illam
906 2344 1096 2417 exercuisse
1111 2345 1349 2420 auctoritatem.

244 2459 375 2531 Etenim
395 2459 424 2533 si
444 2458 496 2530 lex
513 2457 571 2530 illa
589 2458 701 2532 adhuc
713 2458 864 2556 vigebat,
884 2475 1064 2559 utrumque
1080 2459 1268 2533 concilium
1285 2487 1353 2535 cou-

244 2575 383 2645 trarium
408 2573 554 2646 decrevit
578 2573 659 2646 dum
676 2573 790 2647 valida
807 2574 989 2648 declaravit
1007 2575 1168 2671 coniugia
1186 2577 1259 2650 iam
1279 2577 1351 2648 inita

244 2714 332 2786 quae
357 2715 416 2787 per
441 2687 533 2760 illam
560 2689 667 2786 legem
694 2691 786 2762 irrita
812 2707 925 2774 erant,
954 2692 1058 2763 etita
1086 2688 1199 2788 legem
1231 2691 1350 2767 civilem

244 2803 404 2889 correxit;
426 2805 552 2877 sivero
578 2831 644 2878 non
670 2805 821 2902 vigebat,
842 2823 1024 2905 utrumque
1040 2806 1229 2880 concilium
1251 2807 1349 2881 decla·

243 2919 328 2990 ravit
341 2919 434 2991 irrita
449 2920 483 2991 in
498 2937 668 3019 posterum
686 2922 859 3018 coniugia,
882 2949 968 3020 quae
986 2949 1025 2995 ex
1044 2923 1119 3019 loge
1136 2924 1231 2996 civili
1250 2922 1349 2997 ualida

243 3033 462 3107 habebantur.

315 3149 392 3221 bd
417 3149 489 3246 lege
515 3151 681 3250 imperiali
700 3151 969 3225 concedebantur
987 3155 1125 3251 nuptiae
1149 3155 1185 3226 in
1210 3153 1347 3228 secundo

241 3265 416 3338 affinitatis
441 3267 564 3362 gradu,
586 3268 716 3340 scilicet
733 3269 818 3340 inter
836 3268 1055 3341 consobrinos
1085 3271 1182 3364 (52);
1214 3287 1346 3343 atamen

241 3407 261 3453 a
286 3408 314 3452 s.
333 3382 489 3478 Gregorio
515 3384 557 3452 Μ.
580 3383 724 3481 aliisque
750 3410 832 3457 rom.
864 3384 1079 3482 pontificibus
1106 3386 1225 3459 irritae
1254 3387 1346 3460 iactae

240 3514 319 3570 sunt
338 3501 436 3595 (53),
465 3498 616 3598 adeoque
643 3499 732 3597 leges
758 3499 875 3572 civiles
902 3518 980 3574 sunt
1005 3499 1221 3576 emendatae.

311 3705 362 3766 (50)
379 3706 446 3754 Hisl.
461 3705 524 3754 cccl.
536 3708 594 3754 secl.
608 3708 650 3754 Vl.
667 3720 719 3769 cap.
732 3709 785 3755 vll.
798 3709 843 3755 art.
854 3713 877 3755 2.
888 3706 911 3769 §.
923 3709 949 3756 Si
960 3709 1027 3769 qttls.

308 3785 358 3848 (δι)
373 3787 425 3834 Hac
436 3784 468 3834 de
479 3798 504 3834 ra
515 3798 564 3835 non
575 3785 676 3835 minima
687 3786 766 3849 uiguit
777 3788 942 3837 controversia
954 3787 1016 3836 inter
1026 3787 1173 3837 Simondum
1189 3793 1216 3840 et
1231 3788 1344 3840 Gotlulre

238 3864 312 3925 dum,
328 3865 359 3914 de
371 3878 420 3928 qua
435 3865 486 3928 ugit
501 3865 625 3915 Leunoius
640 3867 664 3915 in
679 3880 724 3916 suo
741 3869 846 3917 traomtu
857 3869 977 3930 θεωρία
988 3869 1016 3917 tn
1031 3870 1204 3920 matrimonio
1218 3871 1342 3935 potestate.

241 3947 303 4006 Opp.
316 3945 355 3993 ed.
368 3945 411 3995 cil.
423 3959 477 4008 pag.
491 3950 535 3996 727
549 3949 573 3996 el
584 3950 638 3997 trs.

312 4026 362 4087 (5²)
378 4028 436 4088 Leg.
452 4025 620 4076 celebrandis
636 4041 658 4076 o.
672 4031 709 4077 De
722 4031 830 4092 nuptiis.

311 4105 360 4167 (5³)
376 4107 437 4154 Nam
454 4119 473 4154 s.
489 4107 621 4170 Gregorius
637 4107 663 4155 in
679 4107 750 4171 epist.
761 4107 791 4156 ad
804 4110 968 4171 Arrgustinum
984 4111 1095 4172 permisit
1113 4110 1198 4160 solnm
1215 4112 1309 4174 rupeas
1323 4108 1342 4154 ὴ]

237 4184 309 4234 tertio
326 4185 411 4246 gradu.
424 4184 461 4234 Ol.
474 4185 553 4235 Natal.
568 4186 733 4236 Alexandrum
751 4189 776 4236 in
792 4191 860 4237 Hice.
872 4188 960 4239 eccles.
973 4202 1022 4238 sec.
1034 4191 1076 4238 Ν.
1089 4202 1144 4252 cap.
1159 4192 1202 4240 lv.
1216 4194 1263 4240 nrt.
1276 4197 1297 4239 a.
1308 4185 1341 4235 ubi

239 4263 312 4313 etism
323 4263 441 4313 adversm
452 4265 578 4325 Rivalem,
589 4266 699 4329 aliosque
710 4265 912 4330 poetico-criticos
923 4268 996 4317 huius
1005 4267 1124 4331 epistolae
1139 4282 1206 4331 quse
1220 4273 1258 4320 est
1267 4265 1340 4318 xxxi.

238 4342 293 4392 libri
305 4346 358 4394 xli.
367 4345 540 4407 genuinitatem
548 4345 665 4396 vindicat.
674 4347 791 4398 ebolium
800 4349 1055 4410 coinrerrsuropp.
1063 4360 1083 4396 s.
1093 4349 1206 4411 Gregorii
1216 4344 1339 4399 menri.
