2804 5062
144 339 212 412 288
352 361 414 412 cru.
442 361 478 410 u.
504 360 591 412 sacr.
619 361 642 410 r.
670 353 710 412 nr
735 352 861 413 rornsr.
888 320 1040 413 sommi*

142 507 164 556 a
190 478 370 558 tridentino
396 478 621 580 praescripta,
651 478 744 552 iuxta
768 504 872 579 quam
897 478 1153 555 matrimonium
1177 478 1258 554 cele·

141 595 233 670 brari
258 593 358 669 debet
382 620 496 669 coram
517 593 653 695 proprio
678 584 839 695 parochoi

215 711 265 783 Ex
278 709 334 784 his
351 710 450 785 etiam
465 723 555 809 patet
568 708 689 783 solutio
702 707 841 782 alteriue
854 707 968 797 dubii,
984 709 1079 810 quod
1093 709 1259 785 interdum

144 825 282 901 moveri
296 825 382 900 solet
406 824 497 897 circa
514 823 662 897 valorem
682 822 817 898 illorum
835 823 1094 921 coniugiorum,
1116 850 1208 925 quae
1220 822 1260 898 ab

144 938 322 1014 haereticis
349 939 508 1011 ineuntur
532 937 568 1009 in
593 935 740 1010 dioecesi
767 936 904 1037 quidem
930 953 990 1011 aut
1013 937 1082 1013 auh
1108 937 1260 1037 paroecia

144 1055 203 1129 ubi
226 1054 396 1129 decretum
430 1052 647 1127 tridentinum
673 1067 725 1126 est
749 1051 956 1154 publicatum
982 1078 1024 1127 ac
1049 1051 1259 1128 observatum

144 1186 181 1245 at
201 1170 236 1244 in
256 1170 381 1268 templo
403 1193 489 1243 novo
506 1167 549 1241 ab
567 1167 653 1268 ipsis
670 1168 814 1242 excitato
835 1194 911 1242 cum
935 1184 1205 1269 supervenerunt
1219 1165 1257 1241 ad

145 1284 239 1360 illam
252 1285 447 1361 'dioecesim
473 1299 532 1358 aut
557 1282 758 1383 paroeciam.
787 1283 830 1355 Et
857 1282 943 1357 haec
976 1284 1138 1383 quaestio
1169 1282 1255 1357 facile

144 1400 313 1474 dirimitur
333 1400 363 1474 si
381 1399 465 1474 ratio
483 1398 648 1472 habeatur
672 1418 807 1484 eorum,
830 1423 919 1498 quae
944 1425 966 1470 a
989 1424 1063 1472 saci
1080 1424 1254 1497 congrega·

145 1514 294 1589 tionibus
320 1513 422 1617 paulo
458 1528 535 1586 ante
571 1511 673 1586 allata
706 1527 796 1586 sunt.
828 1513 912 1585 Nam
940 1509 1094 1586 vidimus
1129 1513 1251 1613 saepius

147 1629 350 1705 declaratum
372 1627 464 1703 nulla
476 1653 552 1702 esse
566 1626 602 1699 in
616 1625 734 1700 Galliis
759 1642 792 1700 et
812 1625 893 1699 alibi
914 1625 971 1700 uhi
992 1626 1169 1701 decretum
1184 1652 1250 1701 con·

146 1744 264 1821 ciliare
288 1761 341 1820 est
365 1743 631 1844 promulgatum,
656 1745 811 1843 quamvis
833 1741 994 1817 haeretici
1013 1741 1084 1816 illis
1103 1743 1139 1816 in
1158 1742 1249 1841 regio

148 1861 250 1936 nibus
276 1876 394 1960 postea
411 1875 444 1934 et
460 1886 523 1935 sua
540 1858 664 1959 templa
680 1856 881 1946 habuerint,
904 1885 1056 1958 suosque
1072 1859 1245 1944 ministros,

150 1976 380 2076 coiverintque
401 1974 437 2047 in
462 1990 577 2050 coetus
598 1973 775 2048 distinctos
799 2001 821 2046 a
843 1973 1035 2049 catholicis.
1063 1975 1163 2050 Ratio
1184 1989 1246 2059 est,

149 2092 233 2193 qnia
256 2091 460 2191 ubicumque
485 2089 553 2191 ipsi
580 2116 642 2165 sua
667 2088 792 2190 templa
816 2089 1016 2178 aedificent,
1044 2116 1185 2167 neeesse
1208 2102 1248 2163 est

148 2223 186 2281 ut
210 2205 346 2281 subsint
369 2205 471 2280 alicui
497 2206 673 2305 paroeciae
694 2205 729 2278 in
752 2232 820 2306 qua
840 2206 1011 2280 decretum
1028 2206 1095 2280 init
1112 2205 1247 2306 publica·

148 2338 240 2410 tum,
264 2323 415 2422 adeoque
436 2320 510 2419 lege
532 2321 713 2396 tridentina
736 2321 801 2396 hoc
825 2322 901 2420 ipso
927 2321 1166 2397 subiicientur.
1181 2318 1247 2395 Ubi·

149 2461 293 2536 cumque
309 2437 399 2512 enim
416 2436 507 2534 viget
523 2436 667 2512 ecclesia
683 2437 867 2524 catholica,
889 2437 1090 2538 praesertim
1107 2463 1185 2512 vero
1200 2433 1247 2508 abi

149 2549 356 2638 dominatur,
378 2551 506 2649 integra
523 2552 615 2649 regio
628 2552 692 2625 sub
705 2552 847 2628 alicuius
862 2551 1013 2652 episcopi
1027 2551 1247 2627 iurisdictione

150 2665 383 2753 constituitur,
413 2667 588 2765 paroeciae
609 2668 847 2754 instituuntur,
871 2684 972 2768 atque
998 2668 1184 2768 unicuique
1198 2691 1246 2765 pa⁴

151 2779 253 2854 rocho
265 2781 412 2854 confinia
423 2782 656 2881 assignantur,
677 2784 780 2884 etqui
799 2784 886 2857 intra
902 2784 966 2858 hos
984 2783 1072 2858 fines
1091 2783 1246 2886 reperiun-

151 2911 225 2981 tur,
246 2921 346 2969 curae
363 2897 506 2970 subsunt
524 2898 702 2998 peculiaris
721 2899 871 2999 parochi.
890 2899 1001 2986 Quum
1021 2901 1165 3000 proinde
1180 2900 1245 2973 hae·

151 3010 245 3085 retici
263 3010 387 3111 templa
404 3013 537 3110 erigunt
548 3016 635 3088 intra
648 3014 810 3089 ambitum
828 3015 970 3089 alicuius
987 3018 1179 3115 paroeciae,
1192 3013 1243 3088 sub

151 3127 289 3228 parochi
314 3128 440 3202 ditione
465 3129 668 3217 aedificant,
697 3132 797 3230 eique
830 3130 948 3204 saltem
981 3134 1053 3204 iura
1089 3131 1239 3212 subsunt,

150 3243 214 3317 etsi
232 3242 270 3315 dc
288 3244 374 3342 facto
396 3244 504 3317 eidem
527 3246 743 3343 refragentur.
762 3245 873 3332 Quum
891 3263 1070 3347 propterea
1091 3249 1126 3320 in
1148 3247 1242 3346 aliqua

151 3359 305 3457 paroecia
323 3358 529 3456 publicatum
548 3377 600 3433 est
616 3361 794 3434 concilium
814 3360 1051 3450 tridentinum,
1067 3364 1134 3438 hoc
1146 3384 1241 3436 omna

153 3473 445 3548 indiscriminatim
475 3475 600 3573 obligat
628 3478 699 3549 sive
724 3476 877 3550 catholici
904 3478 990 3563 sint,
1024 3479 1098 3552 sive
1129 3477 1242 3552 acatho

152 3587 221 3661 lici.
250 3589 292 3661 Et
317 3589 401 3676 hoc,
430 3591 502 3664 sive
528 3608 604 3664 actu
630 3619 667 3665 se
692 3591 927 3666 rebellaverint
959 3592 1125 3667 adversus
1157 3590 1241 3668 eccle

151 3707 248 3794 siam,
270 3705 340 3780 sive
357 3733 397 3778 ex
413 3706 489 3779 aliis
513 3707 706 3804 regionibus
723 3708 765 3781 ad
785 3708 878 3781 illam
895 3708 1087 3806 paroeciam
1105 3729 1241 3810 supervo

152 3823 274 3895 nerint.

225 3940 363 4037 Propter
390 3941 573 4036 argumenti
604 3941 800 4013 affinitatem
830 3966 895 4012 non
922 3939 984 4014 abs
1011 3966 1049 4013 re
1074 3941 1138 4014 erit
1159 3932 1239 4011 dubia

154 4052 286 4139 referre,
309 4080 396 4152 quae
414 4055 502 4127 circa
528 4055 671 4128 militum
696 4056 854 4153 coniugia
879 4056 1053 4156 proposita
1079 4071 1157 4130 sunt
1179 4073 1239 4149 apo

153 4166 291 4241 stolicae
303 4168 375 4242 sedi
390 4228 398 4256 ,
416 4197 571 4271 quaeque
588 4172 734 4246 resoluta
753 4173 843 4246 luere
856 4193 959 4245 asae.
977 4199 1135 4271 congreg.
1152 4197 1178 4242 s.
1192 4161 1234 4237 oli

152 4297 253 4384 etque
278 4285 475 4360 transmissa
493 4286 536 4360 ad
554 4288 845 4386 congregationem
865 4288 1011 4363 concilii.
1029 4289 1114 4363 Sunt
1128 4299 1232 4361 aaran:
