2804 5062
189 394 257 448 err.
271 397 317 447 rr.
331 396 370 447 on
385 397 757 449 monemuthensi
772 397 1137 450 vesoncensium.
1184 376 1253 452 tte

212 515 250 586 ln
277 540 346 615 quo
371 515 573 614 gravissimo
597 516 796 591 documento
821 515 919 616 plura
944 533 1047 604 sunt,
1067 543 1155 617 quae
1180 518 1253 591 sin-

141 630 281 728 gillatim
306 647 450 732 possunt
473 631 715 720 animadverti;
744 659 784 706 ex
799 659 850 708 .eo
875 633 965 707 enim
991 649 1122 707 constat
1146 636 1180 705 1.
1198 635 1254 733 agi

140 745 177 820 de
200 747 433 824 matrimoniis
450 747 538 822 inter
556 747 743 823 haereticos
763 749 856 823 initis
878 749 913 821 in
932 748 1145 847 regionibus,
1166 775 1255 849 quae

139 861 283 937 mbsunt
300 862 446 964 principi
463 861 647 951 catholico,
667 864 856 939 cuiusmodi
878 879 930 938 est
947 890 1002 938 rex
1019 865 1198 953 bavariae,
1219 864 1254 938 in

138 977 260 1078 quibus
288 994 403 1053 tamen
428 978 588 1053 haeretici
616 977 810 1054 coalescunt
830 981 866 1053 in
892 980 1070 1055 societates
1094 1007 1115 1054 a
1137 980 1253 1056 cathe

137 1092 206 1169 licis
224 1109 425 1193 separatas,
445 1093 598 1195 adeoque
618 1121 681 1170 suo
703 1096 771 1169 ritu
787 1095 1001 1170 matrimonia
1017 1096 1147 1170 ineunt.
1164 1095 1253 1171 Con-

136 1225 197 1284 stat
224 1212 262 1281 2.
288 1209 456 1284 eiusmodi
481 1209 725 1284 baereticorum
751 1210 908 1308 coniugia
934 1237 954 1284 e
979 1237 1063 1283 rom.
1092 1211 1252 1311 pontifice

135 1339 306 1425 tamquam
325 1324 422 1398 firma
441 1349 481 1398 ac
497 1324 632 1413 valida,
660 1341 694 1400 et
719 1342 895 1425 propterea
921 1325 1172 1400 indissolubilia
1189 1325 1252 1399 he-

135 1438 212 1514 beri.
240 1440 385 1515 Constat
412 1442 445 1513 3.
462 1468 504 1517 ex
526 1440 570 1516 iis
590 1440 785 1540 coniugiis,
813 1467 880 1515 non
906 1440 1061 1516 obstante
1085 1439 1176 1515 civili
1202 1440 1253 1514 di·

135 1557 250 1644 tortio,
271 1581 436 1654 exurgere
459 1556 737 1657 impedimentum
761 1555 915 1630 divinum
942 1557 1130 1656 ligaminis,
1159 1556 1251 1656 quod

136 1672 269 1772 quidem
296 1672 574 1773 impedimentum
599 1698 762 1770 exurgere
784 1697 850 1746 non
872 1686 1012 1772 posset,
1040 1671 1107 1746 nisi
1133 1696 1250 1745 verum

136 1804 312 1889 ratumque
336 1786 459 1862 luisset
481 1785 687 1862 connubium
715 1787 791 1862 sine
816 1787 956 1886 parochi
985 1786 1176 1886 praesentia
1205 1785 1250 1858 ab

137 1901 315 1980 haereticis
340 1919 559 1979 contractum.
588 1904 729 1979 Constat
747 1905 779 1975 l.
797 1900 1038 2003 impedimenta
1061 1901 1244 1988 canonica,

135 2043 187 2094 sea
211 2020 291 2093 iure
316 2018 548 2094 ecclesiastico
580 2018 718 2093 inducta
750 2019 845 2119 ipsos
871 2017 1060 2092 haereticos
1085 2017 1245 2104 afficere,

134 2135 210 2211 adeo
231 2151 271 2209 ut
291 2135 322 2208 si
339 2161 429 2235 quae
448 2136 604 2234 coniugia
622 2136 712 2208 inter
731 2133 919 2208 haereticos
943 2132 1111 2208 celebrata
1132 2132 1247 2232 aliquo

136 2276 167 2324 ex
196 2252 300 2327 hisce
331 2251 582 2352 impedimentis
612 2249 741 2326 irretita
774 2251 942 2338 luissent,
979 2249 1074 2323 nulla
1105 2275 1245 2349 prorsus

138 2383 264 2454 essent,
295 2367 449 2467 adeoque
473 2383 553 2467 post
575 2366 842 2442 ecclesiasticum
864 2364 929 2440 hac
958 2364 1058 2439 dere
1083 2364 1247 2439 iudicium

136 2506 251 2558 norum
278 2482 475 2580 coniugium
501 2483 583 2555 iniri
610 2507 724 2583 posse.
750 2480 834 2555 Cum
861 2481 963 2580 igitur
985 2479 1142 2554 laudatus
1166 2504 1248 2580 pon·

135 2595 204 2671 tifex
230 2596 393 2698 loquatur
417 2598 459 2672 de
484 2597 664 2672 haereticis
677 2598 712 2670 in
731 2597 866 2695 regione
891 2595 1090 2695 degentibus
1116 2595 1150 2667 in
1176 2620 1246 2695 qua

137 2709 301 2787 decretum
318 2712 536 2788 tridentinum
554 2712 762 2813 publicatum
780 2713 859 2800 luit,
876 2713 1058 2813 etquidem
1075 2711 1140 2786 sub
1157 2711 1246 2812 prin·

138 2824 202 2925 cipe
225 2826 416 2915 catholieo,
437 2853 477 2902 ac
494 2828 680 2926 generatim
698 2845 809 2901 tamen
827 2852 888 2928 pro
904 2842 994 2900 certo
1012 2842 1136 2901 statuat
1152 2825 1245 2925 ipso-

140 2963 200 3013 rum
228 2941 388 3039 coniugia
412 2941 524 3017 valida
549 2967 589 3016 ac
613 2942 762 3040 legitima
792 2968 895 3029 esse,
923 2942 981 3015 vix
1005 2941 1144 3015 evidens
1175 2966 1243 3014 non

141 3069 190 3143 est,
219 3055 429 3157 apostolicae
449 3057 542 3133 sedis
566 3058 779 3132 conniventia
797 3056 1034 3155 obligationem
1051 3054 1244 3129 celebrandi

141 3171 284 3270 coniugia
304 3172 397 3246 iuxta
414 3173 555 3247 formam
573 3172 790 3248 tridentinam
809 3171 997 3247 haereticos
1011 3197 1078 3244 non
1092 3169 1239 3258 afficere,

140 3283 278 3387 adeoque
313 3288 459 3389 practice
491 3288 738 3363 benedictinam
765 3288 1031 3363 Declarationem
1058 3284 1242 3359 adomnia

141 3393 373 3476 hereticorum
398 3404 556 3502 coniugia
580 3405 715 3478 extendi
742 3431 855 3505 posse.

195 3518 309 3619 Atque
332 3517 390 3592 hic
414 3519 553 3619 quidem
578 3545 646 3594 non
671 3520 735 3594 erit
758 3520 821 3595 ebs
847 3546 882 3593 re
907 3544 948 3593 ea
973 3518 1124 3604 addere,
1152 3543 1240 3618 quae

138 3625 326 3707 benedictus
347 3633 391 3709 de
411 3636 593 3737 semetipso
618 3635 736 3710 scribit
759 3662 836 3710 cum
862 3661 965 3709 causa
991 3635 1175 3734 agitaretur
1197 3632 1240 3706 de

136 3745 236 3824 valore
262 3764 323 3823 aut
347 3751 500 3851 pullitate
525 3752 784 3850 coniugiorum,
814 3779 901 3853 quae
926 3754 962 3825 in
988 3749 1170 3826 Hollandia
1195 3749 1240 3822 ab

134 3857 304 3965 haereticis
328 3854 715 3942 delebrabantur.«1tos
737 3867 894 3966 quidem,
922 3868 1049 3967 inquit,
1070 3892 1147 3940 cum
1165 3864 1240 3966 plu·
1316 3849 1325 3868 ⁸

132 3977 209 4052 rium
242 4006 409 4055 annorum
435 3982 570 4082 spatio,
606 3999 786 4082 antequam
812 3984 855 4056 ad
881 3984 1026 4057 maiores
1055 3981 1238 4080 dignitates

129 4094 406 4186 ascenderemus,
427 4124 566 4172 munera
582 4115 662 4173 tunc
684 4100 854 4173 secretarii
876 4098 1144 4198 congregationis
1162 4125 1239 4173 con·

126 4207 190 4283 cilii
212 4211 387 4288 tridentini
405 4213 615 4314 interpretis,
636 4230 706 4289 tum
723 4213 871 4290 doctoris
889 4216 924 4287 in
942 4215 1086 4290 decretis
1103 4216 1139 4288 in
1157 4239 1237 4314 poe·

125 4326 334 4404 nitentisriae
358 4329 565 4430 apostolicae
581 4330 714 4418 officio,
737 4347 806 4405 tum
829 4331 930 4414 etiam
956 4331 1157 4408 consultoris
1179 4355 1237 4404 su-
