2804 5062
198 392 1131 452 unumunurm-mmo.momenmentum.rur.11.
1176 373 1244 452 at1

150 514 242 592 nulla
261 502 443 593 adiieimus
460 516 673 605 nominatim,
693 517 742 590 nti
759 517 1053 616 praemonuimus,
1073 519 1108 591 in
1124 518 1166 591 1).
1177 517 1255 592 (lar-

145 634 232 707 ἤδη
256 630 461 720 doctrinam,
488 657 577 732 quae
601 631 804 730 singularem
833 632 1159 708 animaduersionem
1189 633 1255 709 heo

142 748 217 824 m
232 761 395 836 murm,
415 747 483 822 alia
499 743 621 822 dicturi
638 747 755 822 eadem
769 747 811 851 de
824 775 860 822 re
872 749 982 849 eapite
995 774 1071 823 mor
1084 750 1250 850 sequenti.

142 862 191 939 Ex
209 854 314 939 dietis
333 862 416 938 sotis
435 877 566 938 eonstat
587 888 836 963 supervacaneo
852 863 966 939 labore
983 865 1139 940 adnisum
1156 891 1251 954 esse,

141 994 179 1056 ut
195 979 415 1082 persuaderet
431 978 558 1054 nudam
571 978 607 1053 in
619 1005 749 1083 eoesse
762 980 1037 1083 repugnantiam,
1057 982 1148 1083 quod
1165 981 1255 1057 dnae
1316 997 1320 1005 '

141 1109 326 1201 potestates
351 1119 393 1168 ex
417 1120 526 1195 nequo
549 1095 585 1167 in
610 1120 713 1169 unam
736 1095 957 1197 eamdemque
977 1121 1066 1185 rem,
1091 1095 1126 1169 in
1150 1122 1255 1170 unum

140 1209 302 1312 idemque
324 1207 491 1284 obiectum
515 1210 570 1285 ius
594 1225 779 1285 exernennt.
803 1211 898 1285 Duae
926 1210 1086 1286 nimirum
1114 1211 1257 1288 auetori-

141 1340 229 1401 tates
254 1336 435 1424 supremae
458 1342 559 1426 atque
583 1325 794 1401 abinvicem
821 1326 1098 1428 independentes.
1120 1327 1196 1415 Qua
1213 1326 1256 1401 de

141 1466 179 1516 re
195 1467 232 1515 ιι.
249 1442 333 1514 dod.
348 1439 415 1515 ait:
435 1440 663 1517 «Nullnteuns
684 1458 849 1542 repugnet
873 1442 962 1517 idem
986 1442 1154 1519 obieeurm
1172 1440 1258 1518 utri·

141 1580 210 1658 que
234 1556 424 1632 auotoritati
448 1556 584 1632 subiici.
606 1556 1092 1648 numerumnunerum,
1113 1558 1175 1634 sed
1192 1584 1256 1632 ιιοιι

139 1673 294 1774 produnt,
305 1695 368 1747 nee
378 1698 524 1773 uuquam
531 1673 718 1775 prebebunt
730 1691 977 1778 repugnarent
989 1675 1077 1749 idem
1087 1675 1253 1750 obiectum

142 1790 270 1866 nimie
284 1789 408 1892 induat
419 1787 454 1862 in
466 1789 591 1865 bonum
605 1789 739 1890 utrique
756 1792 913 1891 potestati
931 1789 1120 1866 subiectum
1133 1792 1253 1887 (⁸17).s

142 1903 302 2005 Quinque
326 1903 449 1978 deinde
475 1893 660 1980 rationibus
689 1902 846 1979 adductis
861 1905 915 1980 'ad
941 1905 1007 1980 hoe
1031 1906 1122 1980 idem
1156 1931 1257 2006 para·

143 2019 267 2095 dorum
292 2019 586 2122 persuadendum,
610 2045 697 2120 quas
722 2019 779 2122 hie
804 2044 871 2095 non
894 2046 1096 2122 pernequam
1117 2048 1152 2094 ιι.
1169 2024 1252 2094 ddi.

143 2135 270 2238 pergit:
290 2134 355 2208 «Si
380 2150 491 2210 tumen
516 2133 661 2210 inuioem
685 2136 889 2212 dissentiant
912 2137 1070 2238 prinoeps
1094 2153 1129 2211 et
1151 2135 1258 2212 eecle-

143 2251 216 2341 sia,
237 2276 305 2326 ιιοιι
322 2250 399 2326 ideo
416 2250 627 2352 impossibile
643 2251 707 2326 erit
724 2278 793 2326 rem
812 2278 1024 2353 componere.
1041 2253 1171 2326 Etenim
1189 2251 1257 2327 duo

143 2366 384 2469 impedimenta
395 2392 463 2442 non
477 2381 622 2467 possunt
637 2393 714 2442 esse
731 2368 866 2472 proprie
883 2367 1159 2456 contradictoria,
1178 2393 1257 2442 eum

143 2507 212 2558 non
238 2479 327 2570 sint,
354 2496 393 2556 ut
416 2481 463 2556 ita
488 2481 619 2571 dicam,
649 2482 715 2557 nisi
745 2482 832 2558 duae
863 2483 1059 2582 negationes
1084 2509 1145 2558 seu
1169 2483 1259 2558 duae

143 2597 397 2699 inospuoitates.
416 2597 522 2698 igitur
537 2599 573 2671 in
589 2624 630 2673 eo
648 2613 776 2672 tantum
794 2598 915 2700 poterit
931 2598 1053 2674 adesse
1069 2597 1253 2685 dissensio,

142 2713 237 2817 quod
260 2712 314 2789 vel
340 2713 496 2815 prinoeps
522 2713 691 2788 recusabit
713 2740 895 2813 agnoscere
920 2714 1196 2816 impedimentum
1214 2714 1257 2789 ab

142 2828 289 2907 eeclesia
308 2830 524 2904 constitutum
536 2887 544 2917 ‚
558 2829 612 2904 rel
627 2830 979 2930 rioeverea...Nempe
996 2830 1083 2905 inter
1099 2830 1168 2905 duo
1184 2856 1257 2905 nra-

143 2945 303 3024 trimonin
325 2970 394 3020 una
420 2961 568 3047 potestas
594 2944 678 3020 illud
702 2945 829 3020 iudicat
852 2945 1020 3035 ualidum,
1040 2944 1132 3047 quod
1152 2945 1257 3021 altem

145 3058 347 3164 pronunciat
369 3059 539 3134 irritum.»
560 3061 638 3136 Post
662 3060 747 3137 haec
771 3060 880 3162 pergit
903 3077 1039 3150 auctor,
1072 3062 1258 3162 fateturque

144 3203 212 3254 non
229 3202 333 3281 posse
348 3175 535 3278 principem
561 3176 735 3252 destruere
760 3175 1036 3276 impedimentum
1053 3176 1098 3250 ub
1114 3176 1257 3251 ecelesia
1318 3231 1325 3238 -

143 3293 337 3381 decretam,
361 3290 484 3367 deinde
499 3317 580 3367 nero
600 3292 724 3394 pariter
742 3289 859 3366 statuit
876 3317 943 3367 non
961 3317 1063 3392 posse
1079 3290 1256 3366 ecelesiam

144 3409 306 3498 reiioere‚
334 3434 395 3484 seu
420 3407 539 3484 saitem
564 3434 632 3483 non
657 3405 794 3482 reiicere
810 3405 855 3481 de
870 3407 958 3481 [neto
981 3405 1256 3509 impedimentum

142 3521 166 3600 a
190 3539 356 3627 potestate
379 3521 470 3600 uirili
498 3524 735 3613 constitutum,
762 3522 829 3598 nisi
852 3522 900 3597 sit
925 3520 1099 3598 iniustum.

217 3863 272 3926 (7²)
287 3857 325 3914 td
339 3861 408 3927 quod
423 3858 597 3914 mennon
614 3858 692 3912 utitur
710 3857 828 3923 ereurplie
845 3857 926 3923 petitis
946 3870 975 3909 sn
996 3855 1079 3921 tutu,
1099 3855 1169 3908 bonu
1181 3856 1257 3908 eonte-

143 3944 252 4003 riasttnts
263 3945 313 3996 etr„
325 3942 397 4007 quer
414 3955 503 4006 nempe
520 3941 642 4006 prinsipes
658 3941 697 3992 ius
713 3940 830 3991 hebemnt
844 3939 869 3989 in
878 3937 965 4002 festa,
975 3940 1049 4002 etque
1059 3937 1085 3987 in
1098 3936 1166 3987 onan
1179 3933 1257 3988 eccle·

143 4026 272 4085 mattea,
288 4021 375 4079 eoem
391 4020 531 4086 modoque
547 4020 620 4072 hahet
635 4018 749 4082 ecelesia,
766 4020 791 4071 et
806 4018 877 4083 quasi
893 4030 941 4069 non
959 4019 1022 4069 esset
1035 4017 1095 4069 haee
1105 4014 1257 4067 doctrinesb

142 4102 249 4156 aad·
266 4114 340 4167 saepe
354 4101 487 4163 mnata,
505 4100 647 4166 ριιιιιιιίιι
663 4113 722 4151 sero
737 4099 764 4149 in
781 4101 892 4150 eonem.
909 4111 1035 4148 ιυσιοιιι
1051 4110 1115 4148 rrsnr
1130 4110 1200 4162 prop.
1213 4097 1255 4146 lv.

144 4185 177 4234 V.
189 4185 300 4235 ffllss.
311 4181 337 4233 ln
348 4195 398 4246 una
411 4182 498 4232 ultima
507 4181 682 4245 propositione,
694 4181 710 4230 11
715 4182 753 4230 cet
763 4179 856 4229 directe
865 4192 945 4230 muno
954 4178 986 4229 eit
995 4177 1027 4229 de
1035 4177 1166 4243 episeopis,
1179 4176 1257 4227 multo

144 4264 227 4328 mgis
246 4261 279 4314 de
292 4261 397 4314 ιιωΙιιί
411 4263 532 4326 potestate
551 4260 576 4311 id
598 4260 747 4324 dieerrdnm3
767 4259 861 4310 nullum
879 4258 974 4311 scilieet
991 4258 1038 4324 ipsi
1061 4257 1100 4310 tus
1120 4270 1173 4310 este
1193 4256 1258 4312 citet

146 4344 211 4397 testu
225 4342 280 4396 sisa
292 4341 428 4406 ιΙιοΙιιᾶι,
444 4341 497 4394 stre
511 4339 689 4394 trasimunde.
