2804 5062
238 356 282 428 ³2
470 377 531 428 urs.
553 377 589 426 rr.
610 376 697 426 suar.
719 378 742 427 r.
765 376 1100 428 incorporamus.

236 495 366 580 menti,
395 520 483 594 quae
509 495 693 567 contractui
726 493 878 568 inhaeret
905 494 1108 567 matrimonii
1143 495 1347 586 christiani,

237 609 304 682 iam
324 635 385 708 per
405 635 443 684 se
466 624 577 710 patet,
598 608 769 682 vinculum
787 609 879 711 quod
897 635 938 683 ex
955 609 1031 709 ipso
1049 611 1231 699 enascitur,
1256 612 1352 688 nullo

236 724 336 800 modo
361 724 572 825 principibus
600 724 660 798 sed
687 724 850 799 acclesiae
876 724 1051 800 dumtaxat
1077 726 1232 814 subesse,
1253 729 1353 803 cuius

237 840 413 939 potestatis
437 840 626 938 generalem
653 841 816 915 hactenus
845 842 955 917 ideam
984 841 1226 931 exhibuimus,
1255 844 1352 919 dein-

237 982 316 1056 ceps
341 954 570 1032 evolvendam.

647 1131 828 1201 curm·
855 1132 920 1189 11.

394 1370 398 1381 .
464 1351 466 1354 ,
578 1305 618 1354 nn
645 1303 812 1355 recursus
838 1304 1013 1355 rornsrnrs

323 1416 547 1470 ccusrrrcnunr
574 1420 788 1472 rurunrunurn
813 1419 1036 1471 usrmuoruuu
1063 1419 1260 1470 nrarururm.

665 1579 873 1637 numenius
893 1580 915 1634 i.

456 1686 601 1784 Historica
622 1725 839 1783 controversiae
858 1725 948 1784 totius
968 1725 1122 1801 expositio.

308 1890 346 1970 Si
366 1888 433 1963 sibi
447 1888 665 1963 cohaerentes
679 1888 855 1962 christiani
876 1913 993 1961 omnes
1006 1913 1083 1961 esse
1094 1886 1237 1974 vellent,
1255 1914 1352 1962 num·

238 2029 341 2103 quam
365 2003 506 2077 dubium
535 2003 737 2090 excitarent,
766 2001 929 2075 eeclesiae
956 2029 998 2075 ne
1023 2029 1067 2075 an
1092 2028 1171 2076 vero
1189 2002 1354 2106 principi-

128 2125 134 2136 *
238 2116 303 2192 hus
330 2118 411 2192 insit
435 2134 584 2216 potestas
610 2116 837 2191 constituendi
861 2116 1127 2215 impedimenta,
1155 2100 1243 2217 quae
1269 2119 1354 2193 fide-

239 2232 322 2307 lium
352 2232 556 2308 connubium
592 2233 720 2305 nullum
753 2260 793 2306 ac
823 2233 954 2305 irritum
988 2231 1141 2306 reddent.
1179 2233 1356 2310 Semelae

237 2350 329 2425 enim
342 2349 510 2424 firmatum
527 2365 592 2437 est,
612 2362 820 2422 contractum
836 2347 1072 2421 connubialem
1091 2347 1354 2424 christianorum

238 2489 315 2538 esse
334 2490 439 2538 novae
461 2464 546 2561 legis
571 2478 843 2549 sacramentum,
861 2477 979 2562 suapte
997 2478 1117 2536 natura
1134 2464 1356 2565 consequitur

244 2579 286 2652 ad
315 2579 494 2654 ecclesiam
525 2606 668 2680 eamque
692 2578 800 2655 solam
825 2580 881 2653 cui
900 2595 1185 2654 sacramentorum
1212 2579 1359 2654 admini-

242 2693 360 2768 stratio
386 2693 549 2767 divinitus
577 2696 758 2768 commissa
783 2711 859 2781 est,
886 2721 961 2767 eam
986 2695 1163 2796 pertinere.
1198 2697 1234 2766 Si
1259 2723 1357 2796 prae-

240 2826 331 2884 terea
348 2808 423 2883 sola
440 2809 584 2883 ecelesia
602 2810 645 2882 ad
663 2809 825 2883 laicorum
844 2810 1034 2910 principum
1052 2810 1280 2885 exclusionem
1300 2813 1353 2886 ius

238 2923 341 3000 habet
359 2925 394 2996 in
412 2925 581 2998 vinculum
606 2925 752 3023 coniugii
766 2926 963 3013 christiani,
991 2941 1107 3025 utpote
1125 2926 1216 3026 quod
1235 2928 1355 3001 intrin-

238 3067 354 3116 secum
377 3039 422 3114 sit
438 3040 506 3141 ipsi
520 3039 694 3137 coniugio,
712 3054 813 3139 atque
830 3066 850 3113 a
868 3055 998 3113 mature
1022 3042 1223 3114 sacramenti
1248 3042 1354 3116 dima-

239 3183 344 3245 nanu;
373 3155 404 3230 si
428 3154 576 3256 denique
593 3152 804 3254 principibus
830 3154 923 3228 nulla
940 3154 1007 3228 alia
1025 3157 1183 3231 convenit
1200 3174 1350 3258 potestas

235 3391 340 3444 tiortbus
362 3395 502 3458 nonnullis,
521 3394 663 3460 praesertim
684 3406 774 3443 veroa
794 3393 855 3443 saur
875 3391 1014 3455 defensam,
1034 3393 1059 3442 ri
1079 3392 1150 3442 cuius
1167 3391 1353 3442 matrimonium

235 3483 296 3534 pure
311 3472 392 3522 drilts
407 3474 547 3524 contractus
563 3474 702 3537 exponitur.
718 3473 804 3535 ltaque
820 3470 894 3535 Hegel
913 3473 1017 3521 Sturum
1029 3470 1192 3535 perstringens
1209 3470 1235 3520 iu
1250 3472 1353 3521 Priori·

230 3550 286 3614 pits
298 3549 479 3617 philosophice
488 3553 605 3614 iunioris
621 3547 728 3605 Berofim
746 3559 814 3604 titt.
831 3553 932 3602 statuit:
956 3550 1160 3602 «Matrimonium
1176 3562 1225 3600 non
1241 3551 1280 3600 est
1293 3562 1351 3600 con·

237 3631 340 3694 tractus,
356 3632 414 3694 quie
430 3635 450 3682 1.
467 3632 499 3682 nd
515 3636 629 3683 naturam
644 3636 785 3684 contractus
800 3632 918 3696 pertinet,
932 3634 961 3683 ut
975 3646 1005 3683 ex
1022 3631 1099 3682 libero
1116 3630 1218 3680 arbitrio
1233 3629 1350 3694 prodeut3

236 3713 295 3776 quia
312 3721 336 3765 t.
348 3713 374 3764 id
392 3712 459 3778 quod
471 3726 502 3763 ex
516 3714 641 3763 contractu
658 3712 753 3777 prodit,
768 3713 872 3762 votitam
887 3714 925 3762 est
941 3725 975 3762 ec
993 3711 1105 3762 arbitrio
1117 3708 1350 3771 contrahentium,

234 3803 291 3857 ergo
320 3793 424 3843 volitum
446 3791 546 3856 quidem
566 3795 604 3842 est
628 3803 663 3840 en
682 3793 815 3842 comment
842 3791 1038 3841 mnirahentium
1064 3802 1200 3851 consensu,
1224 3801 1275 3839 non
1290 3801 1350 3840 rere

233 3873 338 3926 volitum
354 3886 384 3924 ex
400 3871 549 3924 uoluntati
572 3872 677 3935 quedam
694 3872 763 3935 lege,
779 3884 829 3921 non
844 3875 882 3922 cst
901 3871 1002 3923 effectus
1019 3865 1067 3919 τοῦ
1083 3869 1221 3922 eommunis
1241 3869 1350 3929 trientis,

235 3952 325 4018 topiei3
342 3954 402 4017 quia
413 3961 435 4006 t.
455 3952 578 4004 obiectum
596 3954 736 4003 contractus
752 3966 790 4002 res
806 3955 907 4003 externe
922 3966 975 4003 esse
990 3951 1077 4015 debet,
1098 3964 1162 4015 quse
1177 3948 1278 4000 alterius
1296 3949 1349 4001 lieri

234 4033 322 4096 potest.
339 4033 482 4084 Essenttultu
495 4031 645 4083 matrimonii
662 4044 711 4081 non
722 4035 825 4095 possunt
840 4032 976 4097 dependere
988 4031 1019 4081 ab
1035 4031 1138 4082 arbitrio
1150 4031 1256 4096 privato,
1270 4029 1352 4081 sedin

235 4112 323 4163 morali
335 4112 442 4164 hominis
452 4116 541 4164 natura
552 4114 630 4178 posita
639 4114 711 4176 sunt,
723 4114 757 4163 ita
773 4116 801 4164 ut
817 4115 945 4178 coniuges,
958 4126 1006 4163 non
1018 4115 1069 4163 tam
1079 4113 1104 4163 ri
1114 4113 1264 4174 contractus,
1275 4124 1351 4175 quem

236 4192 356 4257 spirituali
372 4192 480 4257 quadum
495 4193 601 4256 unione,
617 4193 735 4257 reiigione
750 4196 775 4243 et
794 4195 884 4258 pietate
899 4194 1066 4256 obligentur.»
1085 4195 1123 4243 ltu
1143 4192 1244 4255 quidem
1258 4191 1300 4241 hic
1315 4205 1352 4241 re·

234 4271 360 4324 tiouulleia
375 4272 433 4324 ticet
447 4287 478 4324 eu
494 4286 571 4337 pravo
584 4273 648 4332 tine,
664 4273 739 4335 atque
754 4273 829 4324 eiiam
846 4286 971 4337 perperam
985 4272 1097 4334 disserit;
1115 4272 1161 4322 hec
1175 4271 1243 4322 enim
1258 4270 1352 4321 ratione

233 4352 317 4416 pieres
333 4352 375 4404 aiii
390 4355 530 4406 contractus
547 4352 629 4416 negari
646 4353 753 4416 possent.
