2804 5062
143 345 211 417 too
368 364 430 415 us.
455 364 491 414 ιι.
517 363 602 414 sacr.
631 365 655 413 ι.
681 365 721 413 nr
744 363 869 414 rorcsr.
896 363 1023 416 scenas.

214 483 241 555 l.
269 478 468 555 EUROPA-
481 478 862 580 Itaquelpublieetum
874 482 973 556 estin
986 478 1253 557 ltaliaunirerss

141 624 182 673 ac
211 597 246 669 in
275 594 397 670 insulis
426 593 681 684 adiacentibus,
701 611 739 671 ut
759 611 875 669 notum
892 612 944 671 cst
960 623 1001 671 ax
1018 622 1116 671 more
1132 595 1254 698 ubique

142 713 293 786 loconrm
315 727 447 811 recepto
468 709 511 784 de
531 708 742 785 celebrandis
768 709 935 809 coniugiis
959 711 1054 786 iuxta
1079 710 1255 814 formama

143 826 324 902 tridentino
352 826 593 926 praescriptam
617 826 651 899 in
673 825 825 899 eiusdem
854 826 978 901 decreti
1008 827 1251 902 executionem.

144 941 209 1016 llic
227 941 368 1043 proinde
385 941 596 1016 documentis
608 967 696 1041 opus
709 966 776 1015 non
789 957 858 1031 ast,
873 967 950 1016 cum
963 957 1097 1017 constet
1113 969 1157 1016 ex
1173 943 1254 1018 lacto

142 1053 420 1131 luculentissimo.

215 1171 250 1242 Ξ.
279 1168 318 1241 In
343 1167 458 1243 Galliis
487 1169 613 1268 pariter
645 1169 812 1245 universis
840 1170 956 1245 statim
984 1196 1005 1244 a
1030 1170 1253 1246 celebratione

142 1283 295 1359 eiusdem
316 1283 469 1371 concilii,
492 1284 542 1356 uti
575 1299 771 1359 constater
803 1284 916 1359 allatis
946 1285 982 1358 in
1011 1300 1076 1360 art.
1099 1283 1249 1386 praeced.

144 1424 227 1472 rom.
245 1399 440 1499 pontificum
464 1397 627 1487 decretis,
655 1417 756 1499 atque
781 1400 1077 1499 congregationum
1105 1399 1249 1488 condlii,

143 1529 178 1590 et
200 1540 249 1588 ss.
266 1511 496 1613 inquisitionis
523 1511 800 1612 responsionibus
817 1515 906 1612 (ll).

219 1631 254 1704 3.
282 1628 320 1701 In
344 1627 513 1702 universis
538 1628 778 1729 Hispaniarum
799 1630 931 1729 regnis,
956 1645 994 1704 ut
1018 1629 1250 1705 omnibusne

92 1771 95 1777 ’
144 1763 215 1820 tum
241 1744 381 1842 eatffi)
403 1735 467 1818 sul)
483 1738 640 1844 Philippo
657 1744 701 1817 ll.

219 1863 251 1933 l.
281 1860 320 1933 ln
349 1885 452 1958 regno
477 1855 687 1947 Lusitaniae,
720 1885 822 1963 opera
850 1854 998 1962 piissimi
1031 1861 1124 1961 regis
1157 1858 1250 1934 Saba·

129 1975 246 2051 ,stiani
264 1977 352 2073 (lt).

218 2093 252 2163 5.
282 2090 320 2162 ln
341 2089 498 2164 Poloniae
528 2114 631 2187 regno
660 2090 843 2164 universim
866 2117 908 2165 ex
931 2105 1070 2165 senatus
1102 2091 1249 2191 regisque

147 2203 353 2304 sigismundi
372 2204 505 2278 decreto
522 2207 610 2302 (77).

218 2324 252 2394 t.
282 2322 321 2394 ln
345 2319 565 2395 archiducatu
587 2320 762 2397 lustriaco
785 2336 819 2397 et
842 2313 1025 2423 provinciis
1050 2322 1083 2397 ei
1115 2322 1248 2396 annexis

145 2435 210 2511 sub
231 2435 432 2535 imperatore
449 2434 697 2523 Mamiliano,
718 2436 860 2536 eiusque
886 2434 1144 2512 suecessoribus
1166 2438 1246 2534 (78).

218 2551 252 2621 ’7.
282 2550 320 2620 ln
344 2549 464 2622 Silesia
489 2549 653 2649 superiori
672 2565 705 2623 ct
722 2549 889 2638 inleriori,
909 2550 1109 2649 praesertim
1127 2577 1206 2626 vero
1221 2550 1250 2622 in

146 2664 335 2764 superiori,
356 2680 393 2737 ut
409 2664 556 2739 ostendit
582 2665 669 2738 inter
688 2664 774 2739 alios
795 2665 922 2763 Kugler
938 2668 1010 2762 (79)
1026 2665 1249 2742 universitatis

147 2779 359 2878 leopoldinae
388 2779 663 2854 wratislaviensis
697 2781 929 2856 cancellarius.
964 2782 1055 2856 Haec
1085 2782 1248 2883 provincia

148 2921 270 2993 magna
289 2920 330 2967 ex
351 2910 446 2995 parte
464 2921 553 2969 nunc
575 2896 692 2969 subest
711 2897 901 2971 Berussiae.

221 3013 255 3083 8.
285 3011 323 3082 ln
356 3010 541 3098 Bohemia,
577 3028 675 3109 prout
705 3010 806 3085 fidem
836 3011 962 3087 iaciunt
994 3012 1130 3089 litterae
1160 3014 1247 3088 datae

147 3152 202 3200 an.
220 3128 326 3200 teto.
356 3126 400 3200 ad
418 3153 448 3200 s.
462 3146 617 3225 congreg.
635 3126 778 3203 solficii
796 3129 884 3224 (80).

221 3358 272 3420 (74)
286 3358 325 3408 ct.
340 3359 414 3408 ctiam
432 3356 500 3408 card.
514 3356 657 3407 vallarium.
678 3357 779 3408 latoria
798 3356 842 3408 dcl
865 3369 936 3410 conc.
947 3356 976 3408 ot
996 3358 1092 3408 Tranio
1111 3357 1156 3409 lin.
1172 3356 1248 3408 xxti.

146 3449 200 3500 cap.
214 3435 245 3486 X.
254 3450 279 3486 n.
291 3443 327 3487 15.
336 3434 375 3486 cl.
386 3436 460 3486 etiam
479 3436 590 3498 Theoph.
611 3435 739 3498 Raynaudi
758 3438 877 3487 Heteror.
895 3437 959 3486 xlv.
972 3449 998 3486 n.
1010 3444 1033 3487 8.
1045 3449 1105 3501 opp.
1119 3439 1180 3488 tom.
1194 3434 1248 3486 xil.

218 3517 268 3579 (75)
284 3517 323 3566 Gr.
340 3516 483 3566 pallavicin.
497 3514 559 3564 ibid.
570 3527 624 3579 cap.
636 3517 689 3565 xu.
703 3529 727 3565 n.
741 3521 764 3565 t.

219 3595 269 3658 (76)
285 3596 349 3646 ibid.
360 3609 414 3660 cap.
425 3599 467 3646 lx.
479 3607 504 3645 ιι.
517 3602 553 3645 15.

221 3675 271 3737 (77)
288 3674 350 3724 ibid.
371 3688 425 3738 cap.
444 3676 510 3724 xlii,
528 3687 552 3722 ιι.
573 3680 596 3724 t.
615 3676 639 3724 ct
657 3680 679 3724 a.
697 3673 736 3724 ct.
755 3673 828 3725 etlam
851 3673 936 3726 oonat.
952 3676 1022 3727 tract.
1035 3677 1079 3726 lx.
1094 3678 1133 3726 De
1143 3673 1247 3727 metris.
1292 3704 1294 3713 ι

146 3767 200 3819 ιιι).
214 3757 302 3805 xvlss.
315 3755 374 3805 sect.
389 3764 411 3805 ι.
424 3767 449 3803 ιι.
462 3758 516 3805 485.

220 3837 269 3897 (78)
284 3835 355 3900 Apud
366 3835 460 3885 Pallav.
473 3835 520 3885 loc.
531 3836 574 3886 cit.
584 3848 637 3898 cop.
651 3836 705 3885 ΧΗ.
717 3849 743 3885 n.
755 3837 785 3884 ll.

219 3916 268 3978 (79)
285 3918 322 3966 De
334 3917 414 3965 metr.
426 3928 450 3965 n.
465 3923 519 3967 28⁹.

221 3993 271 4054 (80)
286 3994 385 4056 Legitur
395 3997 460 4045 enlm
471 3995 495 4044 ln
503 3996 573 4044 Actis
585 3994 655 4045 istius
665 4007 775 4058 congreg.
784 3998 916 4058 ss.congr.
926 3994 1053 4045 mandavit
1062 3993 1161 4046 decreta
1167 3991 1250 4044 sutae

149 4075 197 4124 tica
208 4072 239 4124 de
251 4076 407 4126 matrimonio
423 4075 589 4125 contrahendo
601 4076 753 4125 acatholicu
766 4089 822 4126 cum
832 4075 959 4127 haereticis
977 4074 1103 4138 publicata
1114 4076 1140 4125 in
1151 4067 1252 4125 munt

147 4151 256 4203 ablilmo
265 4153 447 4204 caronarum
458 4168 505 4203 una
517 4167 572 4204 curn
583 4154 654 4217 copia
664 4154 803 4205 authentica
812 4155 949 4205 litterarum
959 4152 1069 4205 eiusdem
1078 4149 1213 4205 camum
1222 4159 1250 4197 tr

147 4232 234 4283 soesorl
250 4247 270 4283 s.
280 4233 324 4284 etr.
335 4238 359 4287 et
369 4235 393 4285 d.
402 4234 536 4285 alemanno
547 4234 593 4284 sub
603 4233 786 4285 bibliothecario
796 4235 824 4285 ut
838 4236 975 4287 moeretur
986 4234 1012 4284 ln
1022 4233 1142 4286 archiviis
1155 4227 1250 4284 auom

148 4325 259 4377 congreg.
269 4315 381 4366 etcum
391 4316 510 4379 sanccii.
524 4322 563 4367 aa.
574 4317 627 4365 lun.
644 4322 727 4366 reae.»
