2804 5062
142 379 186 451 tr
382 403 442 451 ιιι.
464 403 498 450 ιι.
521 401 607 451 sacr.
629 403 652 451 ι.
675 401 713 450 aa
732 400 857 451 rorrsr.
880 398 1004 450 nocuas.

141 535 232 605 stas,
253 545 320 617 qua
345 517 459 604 solus,
480 517 528 588 uti
554 517 715 590 ecelesiae
735 534 833 616 caput
858 533 890 590 et
913 541 1094 616 supremus
1121 516 1255 591 hierar-

140 634 223 720 cba,
249 661 332 708 rorn.
354 633 501 733 pontifex
524 634 636 731 pollet.

213 750 387 823 Efficimus
405 772 525 848 porro,
548 749 637 849 quod
656 752 892 850 proposuimus
907 810 915 837 ,
930 753 1002 824 u'on
1020 750 1121 824 modo
1145 776 1186 822 ex
1205 750 1256 823 la-

141 865 203 937 ctis
229 882 334 962 atque*
358 862 378 935 a
403 863 603 961 posteriori,
625 865 684 937 sed
711 865 810 938 etiam
836 891 876 936 ex
902 863 949 937 rei
974 879 1124 952 'natura,
1153 881 1257 964 aque

142 977 296 1076 apriori.
325 977 360 1047 Si
379 978 469 1050 enim
496 978 599 1051 semel
624 979 811 1052 constiterit
836 980 890 1051 ius
915 976 1007 1051 istud
1032 977 1254 1078 dispensandi

142 1093 305 1190 primatus
324 1091 511 1164 auctoritati
530 1091 728 1179 inhaerere,
750 1119 816 1192 qua
834 1117 917 1165 rom.
943 1090 1119 1190 pontifices
1140 1092 1256 1165 diuino

144 1206 215 1279 iure
239 1204 387 1303 gaudent
413 1205 447 1277 in
472 1207 615 1280 ecclesia
637 1207 814 1293 universa,
842 1207 974 1280 etiamsi
1001 1206 1046 1279 cb
1070 1206 1256 1305 peculiaria

144 1342 253 1393 rerum
271 1318 429 1394 adiuncta
441 1335 499 1394 aut
515 1322 681 1419 uigentem
699 1321 914 1421 disciplinam
927 1319 1056 1392 nullum
1075 1319 1179 1394 huius
1197 1346 1257 1420 po·

144 1437 275 1509 testatis
301 1436 495 1509 exercitium
522 1439 763 1536 reperiremus,
793 1464 859 1511 non
877 1437 1002 1509 idcirco
1019 1435 1160 1509 dubium
1180 1461 1257 1511 esse

144 1552 265 1651 poterit
276 1566 388 1625 utrum
407 1550 583 1649 pontifices
602 1552 636 1624 id
655 1567 826 1650 praestare
843 1550 1028 1651 potuerint,
1048 1550 1078 1624 si
1096 1551 1253 1636 occasio,

145 1683 203 1740 aut
228 1669 412 1746 necessitas
438 1667 471 1741 id
494 1668 644 1755 tulisset,
672 1685 706 1742 et
731 1668 803 1741 iure
828 1666 1057 1766 praestiterint
1079 1691 1158 1739 cum
1184 1691 1257 1740 mm

146 1799 344 1881 potestatem
365 1803 519 1857 exercere
543 1799 766 1883 opportunum
788 1780 1063 1855 existimaverint.
1081 1778 1192 1867 Quam
1208 1805 1260 1854 ae·

145 1898 320 1984 commoda
345 1898 389 1971 sit
413 1898 497 1973 baec
521 1898 768 1972 animadversio
792 1924 832 1971 ex
852 1894 1006 1970 dicendis
1030 1894 1170 1993 planum
1189 1896 1257 1971 fiet.

174 2092 179 2114 ,
219 2015 336 2112 ltaque
360 2029 397 2084 ut
421 2014 487 2086 iam
517 2014 560 2086 ab
585 2012 790 2111 argumentis
813 2012 848 2082 in
874 2011 949 2108 ipsa
971 2036 1007 2083 re
1028 2009 1142 2084 insitis
1165 2034 1261 2084 exor-

149 2127 302 2214 diamur,
330 2152 370 2199 ea
402 2126 580 2226 multiplici
606 2152 646 2200 ex
672 2127 783 2224 capite
806 2125 874 2224 peti
904 2138 1056 2224 possunt.
1085 2123 1262 2223 Siquidem

79 2308 81 2314 .
147 2234 353 2343 exploiatum
380 2242 581 2342 principium
604 2242 638 2313 in
663 2242 782 2340 primis
807 2256 879 2327 est,
908 2255 1018 2339 atque*
1032 2237 1077 2311 ab
1101 2237 1276 2313 omnibus·

148 2375 344 2458 receptum,
364 2357 482 2430 eadem
500 2372 663 2455 potestate
691 2356 757 2452 legi
789 2354 888 2428 alicui
915 2354 1089 2452 derogari,
1103 2382 1104 2386 ¹
1117 2378 1193 2454 qua»
1211 2369 1263 2429 est

148 2474 298 2562 sancita,
326 2500 401 2546 cum
430 2473 571 2571 proinde
591 2472 636 2545 ab
661 2470 822 2558 ecclesia,
852 2469 1040 2570 etquidem
1065 2470 1262 2544 auctoritate

149 2590 306 2688 propria,
340 2614 499 2687 suprema
525 2604 625 2688 aqua
656 2587 901 2686 independente
930 2586 1110 2661 constituta
1140 2586 1264 2660 luerint

150 2704 385 2804 impedimenta
403 2703 661 2785 christianorum
685 2704 842 2799 coniugia
866 2702 1073 2788 dirimentis,
1094 2700 1169 2775 boc'
1186 2702 1262 2801 ipso

149 2833 278 2895 constat
294 2817 446 2892 eamdem
463 2817 639 2892 ecclesiam
657 2843 757 2915 posse
774 2815 842 2890 illis
860 2815 1041 2913 derogare,
1061 2841 1123 2890 seu
1146 2840 1188 2889 aa
1212 2841 1263 2890 ra-

150 2959 283 3025 movere
307 2959 346 3008 ac
367 2933 527 3008 relaxare.
549 2932 633 3006 Cum
652 2957 731 3007 vero
754 2958 911 3032 suprema
930 2929 1091 3006 ecelesias
1114 2947 1264 3031 potestas

152 3051 187 3124 iu
206 3076 338 3129 summo
356 3049 513 3150 pontifice
530 3049 694 3136 resideat;
716 3050 780 3123 iam
804 3064 894 3149 putet
910 3072 1010 3149 posse
1029 3072 1112 3120 rom.
1130 3046 1266 3146 pontifi·

151 3183 244 3254 cam,
271 3166 553 3268 quemadmodum
581 3165 819 3264 impedimenta
840 3165 1065 3250 constituere,
1091 3162 1139 3236 ita
1162 3178 1196 3236 et
1213 3186 1264 3238 re·

152 3308 308 3370 mouere,
347 3308 408 3356 seu
435 3284 469 3354 in
497 3282 539 3357 iis
565 3281 774 3380 dispensare.

225 3399 415 3485 Praeterea,
430 3396 585 3475 catholici
600 3423 715 3470 ornnes
734 3423 801 3471 unc
814 3423 872 3470 ore
889 3397 1032 3471 latentur
1044 3395 1217 3468 Christum
1230 3395 1264 3466 in

153 3511 187 3582 b.
211 3513 305 3585 Petro
319 3513 549 3610 apostolorum
568 3513 719 3612 principe
735 3512 920 3586 contulisse
938 3537 1020 3585 rom.
1046 3511 1265 3611 pontificibus

152 3627 225 3699 eius
248 3627 497 3700 successoribus
516 3628 689 3726 potestatis
709 3627 949 3725 plenitudinem
968 3629 1002 3699 in
1020 3626 1185 3700 ecclesiae
1206 3626 1266 3700 bo-

154 3768 252 3827 num,
280 3756 381 3840 atque
397 3741 583 3814 utilitatem.
607 3741 770 3827 Quocirca
795 3743 825 3815 si
852 3742 1035 3816 necessitas
1062 3756 1119 3813 aut
1136 3740 1266 3814 utilitas

154 3856 321 3953 postulet,
345 3871 382 3931 ut
407 3854 442 3927 in
467 3855 581 3954 aliquo
604 3855 796 3955 particulari
815 3881 896 3929 casu
915 3881 997 3930 rom.
1023 3854 1170 3953 pontifex
1195 3853 1267 3927 dis·

154 3986 278 4066 penset
298 3972 331 4041 in
367 3969 480 4068 aliquo
515 3970 753 4068 impedimento
783 3971 968 4056 canonico,
998 3969 1126 4043 nullum
1158 3984 1266 4069 potest

156 4084 299 4159 subesse
324 4084 490 4171 dubium,
519 4085 602 4184 quin
627 4086 701 4184 ipse
727 4086 792 4161 boc
818 4101 989 4186 praestare
1017 4084 1137 4159 ualeat.

232 4201 340 4275 Tertio
365 4229 462 4275 nemo
489 4201 622 4276 inficias
647 4203 728 4289 ibit,
751 4203 991 4277 catholicorum
1008 4227 1151 4288 causas,
1179 4225 1265 4300 quas

154 4318 298 4390 maiores
316 4332 451 4404 vocant,
474 4336 659 4392 reservatas
677 4345 754 4393 esse
780 4319 813 4389 in
834 4318 977 4392 ecclesia
1000 4343 1137 4391 romano
1157 4317 1265 4417 ponti·
