2804 5062
151 359 221 432 the
380 385 441 435 mn.
462 385 498 435 u.
519 383 627 435 sucmo
643 383 667 435 ι.
689 384 728 434 un
750 384 1027 438 coruscamine.
1122 365 1133 385 ⁹

149 504 298 607 quodam
317 503 474 601 coniugio
490 528 546 577 an.
565 504 672 575 1832.
690 503 773 578 inito
790 505 931 580 Parisiis
957 532 1073 581 coram
1101 508 1177 583 solo
1200 536 1262 586 me·

150 622 292 721 gistratu
304 618 397 694 civili
410 619 496 692 inter
507 618 688 694 Caeciliam
704 619 905 695 catholicam
923 638 957 696 et
972 621 1192 722 hlphonsum
1205 627 1262 700 cal·

150 736 344 823 visionum,
359 758 502 834 quorum
518 748 661 833 uterque
673 734 742 808 nati
754 758 795 808 ac
806 735 939 810 ducati
957 736 1095 813 fueraut
1106 739 1258 814 laudae.

149 850 394 926 Contrahentes
411 852 489 949 post
505 847 679 922 biennium
692 875 730 923 se
742 849 779 922 in
786 850 942 949 Angliam
960 852 1196 942 contuderunt,
1209 855 1262 928 uhi

149 967 235 1044 ortis
259 963 432 1051 dissidiis,
452 965 505 1039 vir
521 991 559 1039 se
575 965 701 1066 recepit
725 965 761 1038 in
783 967 973 1042 almericum
988 968 1049 1042 uhi
1066 995 1150 1044 cum
1165 971 1261 1046 altera

151 1082 293 1159 muliere
319 1080 569 1155 matrimonium
587 1080 769 1169 contraxit,
789 1081 936 1157 Gaemlia
953 1083 1139 1183 penitense
1156 1085 1262 1160 matri·

150 1199 264 1289 monio
282 1197 391 1270 iunxit
408 1221 486 1269 cum
504 1195 603 1295 anglo
620 1196 785 1272 catholico
798 1222 910 1272 coram
924 1199 1074 1299 parocho
1084 1201 1258 1276 catholico.

148 1313 303 1413 Cumque
319 1310 490 1413 scrupulis
507 1314 733 1388 conscientiae
750 1313 934 1410 agitaretur
947 1314 1262 1405 caeciliamus

148 1427 264 1517 rediit,
280 1444 441 1503 etcasum
460 1428 783 1503 suum'conlessario
803 1430 975 1530 exposuit,
994 1430 1057 1530 qui
1074 1429 1264 1507 dubitanter

149 1543 342 1644 respoudit,
364 1544 511 1643 primum
532 1543 725 1643 coniugium
746 1545 933 1620 invalidum
952 1545 1061 1620 luisse
1085 1546 1262 1624 clandesti-

148 1660 266 1735 nitatis
283 1659 385 1748 vitio,
405 1658 622 1761 validumque
639 1661 843 1749 secundum
862 1677 979 1736 cenna
994 1684 1076 1737 vero
1093 1664 1263 1739 confessa

150 1774 222 1850 rius
240 1773 371 1849 alterni
389 1775 563 1877 respondit
587 1775 733 1876 primum
750 1776 905 1849 illicitum
920 1775 1029 1850 luisse
1045 1778 1258 1878 coniugium,

149 1889 210 1965 sed
236 1890 386 1964 calidum
401 1890 550 1991 eoquod
568 1890 885 1991 pseudo-ralormati
906 1890 976 1964 iam
997 1916 1066 1966 non
1088 1908 1261 1968 teneantur

151 2005 188 2077 in
202 2005 310 2080 Gallia
327 2006 566 2106 impedimento
579 2006 757 2080 dirimente
770 2006 1052 2082 clandestinitatis
1065 2034 1087 2082 a
1099 2033 1197 2084 conc.
1208 2007 1262 2082 tri·

145 2118 285 2194 de'n'tino
304 2120 440 2196 inducto
453 2179 461 2211 ‚
476 2125 558 2223 quia
575 2121 653 2196 licet
672 2121 787 2197 vivant
803 2121 839 2194 in
857 2146 975 2220 reguo,
996 2121 1056 2195 uhi
1074 2124 1270 2224 promulga-

146 2251 217 2310 tum
239 2250 292 2308 est
312 2235 447 2311 concilii
469 2236 659 2326 decretum,
684 2235 809 2313 habent
827 2239 939 2310 umen
958 2251 1085 2311 statum
1103 2238 1255 2325 civilem,

145 2368 182 2426 et
204 2351 347 2425 liberum
365 2355 448 2427 suae
466 2352 639 2451 religionis
657 2352 874 2440 exercitium
895 2378 958 2427 neo
972 2351 1061 2428 velle
1084 2353 1259 2430 ecclesiam

145 2482 195 2541 tot
208 2468 294 2540 inter
307 2469 401 2566 ipsos
414 2468 626 2543 matrimonia
641 2483 811 2543 contracta
829 2469 864 2541 in
881 2465 999 2541 Galliis
1016 2466 1152 2568 absque
1169 2496 1259 2570 prse-

147 2581 256 2655 sentia
267 2583 419 2681 parochi,
432 2609 508 2656 esse
521 2582 775 2668 concubinatus,
792 2598 825 2655 et
837 2581 922 2655 illud
936 2582 1035 2681 quasi
1044 2582 1257 2682 privilegium

146 2695 271 2770 lactum
290 2698 375 2798 parti
393 2698 601 2774 acatholicae
618 2698 857 2772 communicari
880 2697 965 2797 parti
982 2696 1173 2774 catholicae
1188 2724 1258 2773 cum

146 2811 204 2885 illa
217 2812 425 2886 contrahenti
441 2831 575 2915 propter
587 2813 856 2887 individuitatem
869 2813 1255 2888 contractusmlttamcn

147 2952 216 3000 sac.
234 2952 391 3024 congreg.
408 2953 463 2998 an.
481 2931 588 3001 teta.
601 2956 690 3029 resp.
705 2929 907 3014 «Quatenus
918 2927 1066 3001 Caecilia
1074 2944 1110 3001 ot
1117 2928 1257 3030 Alphos

144 3069 204 3118 sus
225 3043 413 3144 parisiense
431 3043 640 3119 domicilium
657 3045 905 3145 relinquentes,
926 3060 959 3117 et
975 3044 1010 3116 in
1028 3044 1188 3142 hngliam
1204 3045 1256 3117 mi·

143 3175 298 3260 grantes,
332 3158 379 3232 ibi
410 3160 553 3234 scientes
584 3161 790 3234 matrimonii
820 3158 1020 3260 parisiensis
1052 3159 1251 3245 nullitatcm,

143 3300 224 3347 novo
242 3274 330 3347 illud
344 3302 500 3349 consensu
517 3302 580 3346 oon
597 3275 870 3359 recolidoverint,
887 3273 1076 3348 secundum
1092 3277 1252 3350 matrimo

143 3391 236 3464 nium
255 3390 422 3465 Caeciliae
440 3392 545 3466 luisse
563 3391 732 3476 solidum,
752 3417 851 3465 secus
869 3391 1039 3475 nullum»
1050 3417 1176 3490 nempe
1191 3389 1252 3464 nul·

144 3505 213 3579 lum
239 3508 367 3595 luisse,
394 3508 424 3580 si
451 3507 485 3579 in
510 3507 631 3605 Anglia
647 3507 706 3580 uhi
724 3508 895 3580 decretum
913 3506 1135 3579 tridentinum
1153 3504 1251 3606 puhli-

142 3639 253 3696 catum
272 3649 337 3697 non
356 3639 426 3710 est,
447 3649 649 3696 consensum
669 3648 737 3695 nou
754 3637 982 3695 renovassent.

217 3740 298 3812 ltem
323 3740 494 3839 proposito
520 3740 644 3826 dubio,
665 3766 746 3812 num
771 3736 920 3811 validum
946 3736 1154 3809 censendum
1179 3737 1250 3809 leret

142 3854 391 3927 matrimonium
416 3852 501 3928 inter
520 3855 719 3928 catholicam
741 3852 931 3936 mulierem,
947 3867 980 3923 et
997 3851 1109 3923 virum
1128 3849 1250 3925 acatho

142 3964 244 4039 licum
263 3968 412 4041 Lutetiae
430 3969 556 4069 paritor
573 3969 776 4041 Parisiorum
805 3966 926 4037 initum
948 3990 1060 4037 coram
1089 3965 1250 4040 haeretico

142 4082 315 4168 ministro,
345 4084 435 4181 quod
462 4101 578 4184 postca
599 4083 642 4156 oh
663 4099 775 4155 exorta
796 4082 883 4152 inter
903 4080 1065 4175 coniuges
1086 4079 1248 4161 dissidio,

141 4194 194 4266 vir
213 4195 430 4285 dissolverat,
451 4214 552 4296 atque
570 4197 655 4270 adeo
671 4222 747 4269 cum
766 4194 870 4267 altera
886 4191 1095 4268 connubium
1114 4194 1251 4268 celebra-

140 4324 251 4398 verat,
272 4335 292 4383 a
309 4336 378 4385 sac.
398 4313 550 4412 inquisit.
567 4313 623 4385 die
643 4317 675 4383 5.
695 4311 769 4383 lulii
791 4311 897 4382 1848.
911 4310 958 4384 ita
976 4309 1165 4387 resolutum
1177 4310 1250 4385 luit:
