2804 5062
144 112 215 163 aar.
228 114 265 163 ιι.
277 111 676 164 remuneraturum.
688 114 754 164 ιιι.
767 115 861 166 uara.
879 117 942 167 nra.
954 116 1024 168 aar.
1042 115 1065 168 1.
1127 96 1167 169 li

73 233 297 316 monuimus,
324 230 384 330 qui
408 255 448 302 aa
464 256 503 304 se
516 246 651 305 strenue
671 251 900 333 opposuerunt
918 235 1083 324 launoio,
1104 263 1176 336 per·

68 348 197 420 strinxit
221 345 438 419 l'otzeclrium
462 345 604 419 celebris
631 347 664 418 in
691 348 908 421 universitate
932 349 1098 424 catholiea
1122 378 1176 423 ar-

70 462 254 559 gentinensi
282 462 370 534 iuris
402 462 554 536 canonici
581 462 752 561 professor
782 464 980 537 Franciscus
1014 465 1175 562 Georgius

70 577 233 651 llieterich
261 579 362 672 (at);
390 577 593 650 launoianis
626 591 658 650 et
688 578 869 675 professori
897 579 1084 651 taurinensi
1106 580 1174 652 Bon

66 719 136 766 sese
161 693 329 792 opposuit
354 693 471 764 Petrus
495 692 690 777 Deodatus‚
719 692 776 791 qui
802 719 948 766 canones
973 693 1173 766 tridentinos

66 825 199 880 amnne
221 805 379 879 defendit
393 807 467 901 (ii)
484 835 492 893 ;
509 809 560 879 sio
580 806 742 878 adversus
764 806 1014 904 neapolitanum
1042 807 1172 878 Petrum

65 921 264 1006 famaene,
297 921 355 1019 qui
382 936 529 993 sectatus
556 938 608 994 est
632 920 771 993 launoii
800 920 962 993 theoriam
988 937 1021 993 et
1044 947 1172 994 errores

63 1035 233 1134 praeclare
251 1035 392 1134 scripsit
413 1037 449 1106 P.
468 1035 514 1108 lo.
533 1035 610 1107 Ant.
631 1033 769 1108 Bianchi
792 1034 939 1108 lucensis
957 1037 1051 1130 (25),
1072 1051 1172 1132 atque

62 1149 136 1223 aliis
154 1151 321 1235 omissis,
343 1150 557 1248 praecipuam
580 1149 713 1224 laudem
731 1149 795 1222 sibi
814 1149 1019 1248 comparavit
1036 1149 1070 1220 in
1097 1175 1173 1247 pro-

64 1265 247 1364 pugnanda
271 1264 438 1338 catholica
467 1264 619 1338 doctrina
647 1264 690 1338 cl.
725 1264 816 1337 card.
852 1263 1018 1336 Gerdilius
1046 1279 1115 1335 tum
1138 1264 1172 1336 in

65 1379 261 1453 defensione
286 1379 533 1452 constitutionis
556 1378 765 1476 dogmaticae
788 1378 954 1450 ductorem
975 1378 1069 1476 fidei,
1102 1395 1172 1450 tum

66 1494 261 1590 praesertim
280 1493 317 1565 ia
337 1495 495 1592 apposito
511 1511 652 1568 tractatu
670 1494 712 1566 de
730 1493 960 1576 matrimonio,
981 1519 1048 1592 quo
1065 1492 1174 1567 solide

65 1624 94 1680 et
110 1608 232 1692 docte,
262 1623 361 1707 prout
377 1607 485 1694 solet,
505 1634 621 1681 omnes
640 1607 816 1706 potestatis
834 1606 1081 1679 ecclesiasticae
1097 1631 1174 1678 oso·

69 1749 141 1809 rea,
167 1723 304 1796 initium
325 1748 462 1796 sumens
481 1722 524 1795 ab
541 1723 690 1797 omnium
710 1720 854 1794 ducibus
875 1722 918 1793 ll.
944 1720 983 1793 A.
1005 1720 1174 1793 deDomi-

69 1839 120 1910 nis
143 1856 176 1911 et
195 1839 371 1923 launoio,
400 1838 554 1912 refutarit
578 1856 680 1938 atque
704 1837 828 1909 devicit
861 1839 951 1932 (26).
984 1835 1173 1910 Novissime

66 1955 234 2051 egregium
258 1980 301 2027 ac
325 1953 492 2026 eruditum
513 1979 600 2053 opus
627 1953 669 2026 de
695 1952 758 2026 hoo
784 1952 860 2051 ipso
880 1967 1076 2049 argumento
1099 1951 1173 2023 vul-

65 2070 150 2165 gavit
170 2070 384 2166 Augustinus
404 2068 447 2141 de
467 2067 686 2169 liosclroviny
706 2094 795 2141 nunc
818 2067 999 2166 episcopus
1023 2066 1056 2137 in
1079 2067 1173 2138 Hun-

65 2185 175 2280 garia,
190 2185 228 2255 in
241 2210 311 2283 quo
323 2183 536 2257 adversarios
548 2183 797 2258 ecclesiastieae
809 2182 982 2280 potestatis
995 2181 1175 2278 exagitavit

65 2317 163 2398 atque
185 2299 310 2372 refellit
324 2300 413 2394 (ii).
436 2298 563 2398 ⁸lmpica
590 2325 669 2372 vero
691 2325 752 2371 seu
771 2297 1019 2383 rationalistas‚
1040 2323 1100 2371 sou
1118 2323 1173 2370 ae·

65 2414 185 2487 curios
198 2430 234 2487 et
254 2412 555 2512 pseudo-politicos
573 2414 776 2487 matrimonii
794 2413 903 2487 civilis
917 2429 1100 2487 assertores
1119 2439 1174 2511 ag·

126 2724 178 2786 (υ)
195 2726 225 2774 ln
241 2722 334 2788 duplici
345 2724 404 2777 dies.
415 2728 453 2777 lie
463 2728 592 2791 potestate
607 2726 728 2777 molestae
742 2729 769 2776 iu
786 2725 934 2777 statuendis
946 2729 1109 2777 matrimonii
1125 2729 1172 2777 tm·

61 2805 221 2867 mim.
243 2807 395 2869 argentorati
414 2810 481 2858 rtet.

127 2890 179 2950 (it)
195 2892 224 2938 iu
241 2903 283 2953 op.
302 2886 423 2949 Desenuo
438 2886 645 2938 tridentinorum
662 2899 793 2937 canonum
811 2885 844 2937 de
862 2887 985 2937 eccksiae
998 2887 1129 2950 potestate
1145 2887 1173 2935 in

63 2963 213 3018 ammeta
229 2969 430 3018 mammonam
450 2966 634 3030 mpedimento
654 2965 781 3016 memus
792 2968 954 3025 Manciam,
973 2965 1174 3015 Tamburinium

64 3045 179 3112 almaque
197 3050 348 3111 scriptores.
360 3046 483 3110 Hierapoli
500 3051 567 3097 1786.
589 3048 652 3096 Turn
667 3047 691 3095 in
703 3046 752 3097 aiio
762 3059 802 3108 op.
820 3048 916 3095 Naeva
929 3043 1015 3106 avesa
1032 3042 1175 3094 de'catmni

65 3126 104 3174 ili.
118 3112 189 3178 elv'.
202 3126 269 3177 delia
279 3140 341 3178 sess.
352 3126 438 3177 xxiv.
453 3124 498 3176 dei
512 3125 622 3177 concilio
633 3125 661 3176 di
675 3127 777 3176 trente.
787 3123 920 3175 Neil’anno
937 3123 1001 3174 delle
1012 3125 1091 3174 salute
1104 3129 1171 3174 tiss.

63 3206 118 3256 ltere
127 3205 252 3270 sperate
260 3203 297 3257 ud
308 3219 466 3271 anonymum
477 3208 663 3258 antecessorem
675 3208 854 3256 taurinensem
863 3204 961 3266 (Boni,
972 3218 1026 3269 qua
1035 3204 1174 3255 illustran-

64 3289 105 3335 ειν
123 3292 183 3338 aar
203 3287 292 3338 editae
308 3290 511 3352 propositiones,
528 3287 560 3338 de
573 3290 702 3351 potestate
721 3284 881 3336 eceteriaeiu
899 3287 1077 3336 matrimonia.
1094 3287 1173 3348 Mega·

64 3364 135 3429 iopnii
151 3381 194 3417 au.
214 3371 282 3418 titt.

126 3448 180 3508 (tu)
195 3450 244 3510 op.
258 3448 349 3510 pariter
364 3448 406 3498 eit.

126 3525 179 3588 (tt)
197 3527 319 3576 Troitato
339 3524 383 3576 dei
401 3527 585 3587 matrimonio,
608 3528 677 3575 craia
693 3524 879 3588 consutaaione
904 3525 1051 3576 de'atsierni
1071 3527 1175 3572 contra·

65 3604 96 3650 rii
116 3603 166 3653 ait
181 3603 303 3654 scieritis
322 3602 396 3654 detta
416 3603 503 3654 emera
525 3608 598 3654 eirca
622 3604 645 3654 tt
667 3606 843 3656 matrimonio.
862 3608 924 3668 opp.
948 3603 987 3654 eii.
1011 3604 1081 3653 Rom.
1105 3609 1171 3652 tata.

64 3681 119 3732 nn.
136 3685 192 3733 xv.

125 3763 180 3824 iti)
198 3765 227 3813 in
242 3775 316 3827 saepe
331 3762 398 3814 laud.
410 3776 468 3828 opp.
487 3766 525 3815 De
534 3767 704 3814 matrimonio
716 3767 743 3815 tn
764 3764 873 3815 ercieria
885 3762 1015 3814 roinottrn
1032 3760 1109 3812 duob.
1122 3760 1173 3810 roi.

59 3852 158 3901 amram
169 3841 279 3905 primunr
294 3841 387 3906 prodiit
402 3845 524 3907 Augustm
538 3843 711 3894 vindelicae.
724 3843 1031 3895 testamenmentum.
1045 3840 1094 3899 Qui
1109 3854 1176 3904 prae·

62 3920 121 3970 terea
147 3922 211 3972 bene
235 3920 338 3973 meritos
356 3925 394 3973 est
411 3922 444 3974 de
461 3937 488 3974 ra
513 3923 634 3974 catholica
651 3924 698 3973 irae
717 3923 741 3972 in
761 3925 830 3988 peria
850 3923 883 3972 ob
902 3922 950 3973 tria
969 3920 1098 3972 volumine
1112 3933 1176 3984 quae

63 3996 135 4130 π
154 3999 188 4049 de
211 4000 376 4051 matrimoniis
400 4001 501 4063 mitiis,
524 4004 549 4051 et
573 4004 680 4064 quatuor
700 4015 764 4066 quiae
782 3999 919 4078 inscripsit:
939 4002 1111 4053 Monumenta
1132 4010 1174 4050 en·

135 4093 162 4130 a.
