2804 5062
150 363 221 438 iti
380 356 443 437 111.
464 385 501 437 1.
521 383 608 438 sacr.
629 386 653 436 1.
674 385 714 436 nn
732 383 858 436 rornsr.
880 382 1005 437 nccare.

219 503 282 579 His
295 504 432 579 demum
443 531 484 579 ea
496 504 675 580 adiicimus
694 503 768 578 loca
779 503 934 604 Europae
947 505 984 577 in
1000 493 1134 607 ¹quibus
1151 532 1261 608 quam·

144 622 199 697 ris
211 647 278 696 non
291 635 420 696 constet
431 620 475 694 de
486 620 660 695 tridentini
680 620 805 694 decreti
825 619 1114 720 promulgatione,
1134 638 1259 712 tamen,

145 751 296 813 servatur
312 753 351 810 ut
367 736 500 811 concilii
525 736 695 810 decretum
717 736 760 809 ah
783 736 1062 826 immemorabili;
1084 765 1157 838 quo
1175 739 1213 813 iit
1228 756 1260 812 ut

143 851 295 952 legitima
312 851 451 953 quidem
463 876 524 925 seu
534 850 648 925 ualida
664 850 852 925 habeantur
864 850 935 925 illic
947 851 1119 927 celebrata
1137 879 1259 928 connu-

144 965 203 1042 hia
214 967 287 1043 sive
303 993 325 1042 a
342 966 569 1042 schismaticis
587 983 645 1042 aut
661 966 842 1041 haereticis
861 965 948 1041 inter
965 995 1022 1055 se,
1042 968 1119 1043 sive
1136 995 1258 1043 connu-

145 1080 204 1157 bia
228 1083 350 1172 mixta,
377 1081 470 1156 nulla
494 1109 573 1157 vero
591 1107 632 1157 ac
647 1082 743 1155 irrita
760 1080 829 1157 sint
844 1083 1060 1157 matrimonia
1081 1084 1258 1160 catholieo·

135 1223 243 1289 rum,
263 1225 334 1273 non
351 1211 482 1273 servata
499 1198 605 1272 torma
623 1197 815 1272 tridentina.
833 1196 927 1270 Talia
945 1213 1044 1272 sunt:

220 1318 254 1392 1.
283 1312 518 1389 Transiivania
532 1339 571 1389 ao
589 1313 772 1414 praecipue
787 1313 955 1389 dioecesis
972 1316 1158 1415 Fogarats,
1173 1343 1256 1391 nunc

145 1429 243 1504 aPio
258 1430 315 1503 lx.
337 1445 447 1503 erecta
463 1431 500 1501 in
518 1429 796 1504 archidioecesim
812 1428 898 1503 iiiia
915 1428 1022 1504 Iuliae
1046 1449 1256 1534 nuncupatae

143 1544 181 1620 in
207 1571 277 1646 qua
300 1544 428 1643 degunt
449 1545 563 1646 graeci
592 1545 678 1620 uniti
708 1546 880 1621 commixti
904 1547 1036 1645 graecis
1066 1549 1254 1623 schismati·

144 1660 194 1736 cis
213 1662 328 1759 (1⁰8).

217 1777 252 1851 2.
280 1775 449 1876 Bulgaria‚
461 1777 638 1868 Valachia,
655 1778 853 1854 nominatim
865 1804 946 1854 vero
960 1776 1131 1856 Bukarest
1146 1783 1177 1877 (1
1186 1782 1250 1877 iit).

215 2009 260 2083 ii.
288 2008 378 2085 Asis.
395 2011 480 2093 -Ao
493 2010 602 2111 primo
620 2012 656 2082 in
670 2011 777 2085 indiis
795 2008 1017 2085 orientalibus
1035 2010 1102 2086 tuit
1117 2011 1254 2113 promul·

142 2137 259 2222 gutum
276 2123 495 2198 tridentinum
515 2124 684 2199 decretum

141 2355 295 2409 oetshreutm
303 2356 330 2407 in
341 2355 571 2422 dioecesisophiae,
584 2369 633 2408 non
645 2357 741 2408 serrata
755 2357 834 2408 torma
847 2356 938 2408 decreti
951 2355 1089 2408 1111111111.
1097 2360 1255 2410 11111111.

142 2448 193 2488 nen
202 2449 255 2489 esse
265 2436 450 2501 inquietandos,
461 2449 496 2489 cc
505 2449 557 2504 quo
568 2450 619 2488 nor
630 2439 733 2489 constat
744 2437 777 2488 dc
788 2435 935 2501 mjicmti
943 2435 1042 2488 ibidem
1048 2436 1258 2503 promulgatione

142 2517 245 2582 praelati
256 2517 346 2568 decreti
353 2553 363 2580 ,
379 2516 482 2582 ideoque
492 2531 538 2582 pro
548 2520 598 2568 iam
609 2518 741 2569 contractis
758 2518 874 2582 coniuges
890 2517 974 2568 tideies
989 2531 1040 2568 non
1056 2531 1112 2569 esse
1128 2519 1258 2584 inquietan-

143 2596 207 2661 dos,
221 2598 357 2648 monendos
368 2598 450 2648 minen
462 2611 505 2648 eos
516 2597 615 2660 fldeics,
628 2596 695 2661 quod
705 2597 750 2648 etsi
762 2598 821 2648 taiia
833 2597 990 2648 matrimonia
1005 2610 1092 2648 eoram
1104 2598 1200 2663 Koggia
1210 2609 1259 2648 coa·

142 2677 223 2729 stacta
233 2676 317 2728 salida
325 2677 388 2740 sint,
400 2678 487 2728 illicita
498 2679 580 2729 tamen
590 2692 643 2729 esse
648 2716 656 2742 ,
667 2679 692 2729 et
700 2678 735 2729 ita
744 2679 915 2731 contrahentes
924 2691 1025 2743 peceare
1035 2677 1183 2744 dsdeanue
1192 2679 1257 2743 impe

143 2756 236 2807 nendas
249 2769 302 2807 esse
313 2757 476 2820 poenitentias
485 2758 629 2808 salutares.»

216 2834 335 2885 Similiter
345 2847 393 2884 non
407 2848 460 2886 esse
475 2834 571 2886 licitum
587 2837 708 2888 catholico
724 2838 868 2888 contrahere
885 2837 1071 2889 matrimonium
1087 2851 1148 2891 cnm
1163 2849 1258 2905 persons

142 2912 311 2976 sehhmaucm
323 2927 365 2964 seu
376 2914 514 2978 haeretica,
526 2916 564 2966 rei
577 2930 660 2967 coram
672 2917 779 2981 parocho
788 2917 943 2968 schismatico
955 2918 995 2968 rei
1006 2918 1148 2983 haeretico,
1160 2919 1257 2983 ideoque

144 2996 265 3060 mantum
279 2992 332 3044 ficri
348 2995 441 3059 potest,
455 2992 598 3046 huiusmodi
610 2997 766 3047 matrimonia
777 2997 890 3062 impediri
902 2997 1005 3059 dehere,
1016 3002 1043 3049 et
1051 3001 1178 3062 qnatenus
1191 2999 1258 3064 impr

144 3072 193 3125 diri
205 3087 254 3125 non
266 3074 374 3139 possint,
389 3073 524 3126 monendos
540 3089 592 3127 esse
609 3077 725 3141 coniuges
745 3077 880 3128 catholicos
896 3078 927 3128 de
942 3078 1027 3128 stricta
1039 3079 1194 3144 obligatione
1207 3079 1257 3131 edu
1297 3115 1299 3121 ,

142 3155 216 3206 candi
224 3158 319 3221 prolem
330 3157 355 3207 in
366 3157 483 3220 reiigione
494 3157 627 3222 catholiea,
635 3159 660 3208 et
671 3158 819 3221 procurandi
829 3160 1012 3210 conversionem
1024 3161 1142 3226 coniugis
1153 3161 1257 3212 schisma

141 3233 199 3301 tici,
214 3236 256 3287 vel
268 3235 398 3300 haeretici,
417 3236 546 3301 eidemque
563 3236 724 3301 imponendas
738 3238 765 3287 ut
781 3250 869 3302 supra,
885 3251 930 3304 pro
944 3237 1018 3288 modo
1032 3238 1132 3304 culpae,
1146 3250 1257 3305 congruat

140 3316 304 3381 memientias
318 3318 451 3383 salutares,
469 3317 501 3368 ad
519 3330 594 3382 quun
613 3318 729 3369 ellectum
748 3317 905 3370 scribendum
927 3318 1115 3386 archiepiscopo
1135 3321 1207 3373 iusta
1225 3321 1255 3372 ia·

142 3395 304 3447 structionem
313 3399 376 3448 etc.»

217 3476 283 3540 (¹08)
299 3478 324 3528 S.
337 3478 520 3542 congregationi
533 3477 564 3528 de
576 3479 733 3544 propaganda
749 3478 797 3530 lide
812 3479 870 3529 data
882 3479 919 3530 est
929 3478 1073 3531 informatio
1088 3483 1113 3532 1.
1123 3483 1179 3532 lun.
1195 3484 1254 3533 1787.

144 3555 332 3608 «irritationem
346 3557 559 3609 matrimoniorum
572 3558 779 3609 clandestinorum
791 3573 840 3610 non
852 3561 981 3625 provenire
991 3561 1016 3610 in
1028 3561 1071 3611 ilia
1082 3561 1205 3626 dioecesi,
1215 3559 1255 3613 sai·

142 3635 193 3685 tem
205 3648 289 3685 coram
300 3637 388 3700 vulgo,
397 3652 427 3688 ex
439 3638 523 3702 rigore
533 3638 594 3702 legis
607 3636 753 3689 tridentinae
763 3638 883 3703 (demptis
893 3639 1041 3704 quibusdam
1050 3639 1210 3705 doctoribus)
1218 3636 1255 3692 scd

142 3714 225 3780 potius
236 3729 267 3766 ex
281 3718 423 3781 particulari
439 3719 613 3770 constitutione
630 3719 737 3783 episcopi
754 3723 842 3769 Aaron
862 3720 980 3777 Quamvis
994 3721 1019 3769 in
1031 3722 1158 3784 parochiis
1179 3720 1253 3772 raum

143 3794 190 3859 (in
203 3798 325 3860 quantum
335 3797 398 3847 mihi
408 3797 532 3860 cognitum
545 3800 594 3862 est)
605 3811 654 3848 non
667 3798 739 3848 inerit
750 3798 931 3863 promulgatum
945 3797 1072 3849 decretum
1087 3813 1160 3852 cene.
1171 3800 1252 3852 tridea·

140 3871 205 3939 tini,
224 3877 307 3927 tamen
325 3877 360 3928 nh
376 3877 590 3939 immemorabili,
612 3892 661 3928 non
674 3879 770 3929 lantum
786 3892 801 3928 a
816 3878 898 3929 latinis
913 3891 999 3930 rerum
1015 3879 1091 3930 etiam
1108 3880 1141 3931 ah
1155 3879 1252 3931 mmenis

142 3952 293 4006 adamussim
307 3956 473 4008 observatur.»

215 4033 281 4098 (1118)
293 4035 339 4087 Die
349 4045 373 4089 9.
385 4038 444 4091 iiaii
460 4045 527 4090 1818.
541 4038 675 4090 resolutum
687 4039 724 4091 est
737 4039 768 4090 ah
779 4039 863 4089 eadem
880 4053 929 4090 sac.
941 4053 1054 4104 congreg.
1067 4053 1204 4104 numquam
1220 4035 1249 4089 iii

141 4113 294 4178 publicatum
304 4116 379 4168 fuisse
394 4118 519 4170 decretum
533 4119 707 4182 tridentinum,
720 4123 886 4171 verumtamen
898 4121 1056 4171 observatum
1067 4122 1098 4171 ut
1108 4120 1206 4173 cerethi
1215 4117 1248 4168 dt

140 4193 236 4243 cretum
251 4198 307 4259 post
322 4196 520 4249 constitutionem
532 4202 608 4251 lutor
624 4200 1153 4264 1111191111111111111111111111111111
1166 4199 1196 4250 ah
1204 4199 1248 4250 hac

142 4273 225 4324 reticis
240 4278 284 4326 aut
297 4276 458 4330 schismaticis
473 4279 536 4329 inter
546 4292 586 4344 so,
600 4283 624 4330 ei
636 4281 713 4330 mixta
723 4294 775 4331 esso
790 4280 883 4342 valida;
900 4280 1009 4332 irrralida
1024 4283 1109 4334 autem
1124 4277 1245 4333 catholico

141 4365 198 4405 rum
209 4353 272 4411 inter
282 4368 322 4422 se,
332 4355 354 4408 si
367 4357 420 4410 sinc
430 4358 531 4424 parochi
543 4360 677 4423 praesentia
688 4360 809 4411 intrantur
817 4360 939 4424 coniugia.
