2804 5062
178 367 247 417 mr.
261 368 306 417 vr.
319 367 359 418 nn
372 367 469 418 nra.
483 367 617 418 aarum.
631 367 694 416 mr.
706 368 742 417 se
757 368 815 417 ven
825 368 888 418 eurr
903 369 996 418 mre.
1009 370 1080 421 aar.
1092 373 1127 421 u.
1174 351 1244 422 223

134 485 171 559 rb
195 512 266 559 una
292 501 386 583 parte
412 500 620 584 protestante
644 503 677 559 et
702 485 806 560 altera
828 485 1012 576 catholica,
1033 516 1097 561 ooo
1113 506 1245 569 screatu

132 602 231 698 [unm
249 602 390 687 concilii,
403 627 445 674 an
459 601 573 676 valida
585 601 744 676 habenda
758 602 843 690 sint,
856 618 954 703 prout
965 603 1079 677 valida
1093 604 1245 681 declara-

132 716 381 790 ritllenedictus
393 716 698 790 Xleatrimonia
709 717 812 790 simili
823 718 922 791 modo
934 718 968 790 in
978 718 1157 792 Hollandia
1170 747 1246 795 con-

131 847 240 905 tracta:
251 831 384 906 scilicet
393 832 664 933 respondendum
679 858 772 920 essm
784 833 960 906 Decretum
975 835 1145 908 Benedicti
1158 837 1241 909 xlv.

131 972 177 1020 nn.
209 948 322 1018 1741.
350 947 476 1021 editum
503 974 607 1048 super
627 949 849 1023 matrimoniis
875 948 1074 1023 Hollandiae
1100 953 1246 1025 locutive

131 1061 295 1160 respicere
332 1076 459 1135 tontum
490 1062 702 1136 matrimonia
727 1066 763 1135 io
792 1065 835 1136 t't‘e
859 1065 1041 1163 provinciis
1074 1081 1244 1140 contracta

129 1176 172 1252 rel
192 1178 444 1265 contrahenda,
469 1205 533 1251 oon
558 1195 667 1252 autem
691 1180 761 1254 olio
787 1183 997 1253 matrimonio
1014 1182 1049 1253 iu
1067 1183 1145 1254 eliis
1166 1183 1244 1258 locis

129 1294 357 1391 sprevinciis
381 1293 465 1366 inita
489 1293 542 1368 vel
565 1293 735 1381 ineunda,
764 1295 889 1395 quibus
920 1295 1045 1371 idcirco
1075 1296 1242 1396 applicari

129 1408 241 1507 nequit
262 1407 385 1506 absque
408 1436 493 1482 noea
514 1424 545 1482 et
568 1412 707 1508 speciali
722 1437 750 1483 c.
767 1411 862 1484 Sedis
879 1410 1114 1498 declaratione;
1134 1411 1240 1486 multo
1289 1463 1292 1469 Δ

128 1522 229 1620 magis
251 1523 287 1594 in
311 1522 492 1597 Galliarum
519 1551 640 1623 regno,
670 1525 729 1599 ubi
754 1526 925 1600 decretum
951 1526 1084 1601 concilii
1113 1527 1240 1600 triden-

130 1637 182 1709 tini
195 1637 246 1711 lle
265 1635 366 1712 relor.
384 1655 482 1711 matr.
500 1665 588 1714 sess.
607 1641 665 1711 24.
682 1666 757 1740 cap.
776 1640 952 1740 l.absque
970 1640 1040 1714 ullo
1056 1640 1161 1714 dubio
1178 1641 1242 1713 im·

130 1753 272 1828 mediate
297 1770 375 1854 post
398 1755 577 1829 concilium
603 1756 811 1856 publicatum
831 1756 895 1829 [uit
919 1757 952 1828 in
978 1756 1243 1856 universis-pre

131 1869 269 1957 vinciis,
298 1885 332 1944 et
355 1871 630 1947 constantissime
655 1871 868 1947 observatum
885 1873 999 1967 (ll).»

197 1987 293 2060 llaec
313 1987 415 2061 verba
432 2004 548 2088 aperta
566 2003 661 2077 sunt,
686 1988 844 2089 nulloque
865 1987 1019 2086 indigent
1042 2004 1243 2062 commenta·

133 2101 194 2190 rio;
215 2128 257 2176 er
277 2102 332 2175 his
350 2104 440 2176 enim
454 2119 546 2203 patet
560 2107 594 2176 1.
606 2104 713 2203 legem
728 2104 944 2178 tridentinam
958 2105 1011 2179 vix
1026 2103 1189 2178 sancitam
1208 2104 1244 2177 in

130 2218 293 2293 miversis
315 2218 444 2292 Galliae
464 2220 646 2320 pmvinciis
665 2220 909 2321 promulgatam
924 2219 1030 2294 luisse
1042 2221 1245 2293 constantis-

132 2333 279 2434 simeque
292 2351 458 2408 servatam
470 2364 478 2422 ;
501 2336 535 2407 2.
548 2337 821 2410 constitutionem
834 2334 1080 2417 benedictinam
1095 2360 1155 2434 per
1166 2360 1245 2407 ana·

131 2445 247 2548 logiam
275 2450 367 2524 haud
394 2477 496 2550 posse
516 2451 650 2526 extendi
669 2452 712 2525 ad
730 2451 817 2526 alias
841 2451 1031 2551 provincias
1053 2466 1145 2524 extra
1163 2449 1245 2523 Hol-

132 2561 275 2637 landiam
294 2592 354 2639 seu
372 2582 481 2639 status
493 2565 598 2664 Belgii
617 2567 825 2655 foederatos,
841 2567 900 2641 sed
915 2593 1001 2667 opus
1015 2592 1091 2640 esse
1103 2565 1243 2665 speciali

131 2703 153 2751 s.
170 2680 259 2753 sedis
278 2680 496 2755 declaratione
502 2710 514 2767 ;
532 2685 566 2755 3.
583 2682 799 2756 matrimonia
818 2681 860 2754 ab
879 2681 1056 2756 haereticis
1075 2681 1109 2754 in
1125 2679 1242 2754 Galliis

134 2795 195 2870 sive
221 2796 410 2871 coaluerint
433 2797 468 2869 in
492 2812 625 2872 coetum
651 2824 716 2889 seu
739 2798 930 2871 societatem
957 2796 1151 2871 distinctam
1170 2796 1242 2871 sive

133 2937 214 3001 non,
244 2913 329 2987 inita
354 2929 412 2987 aut
438 2913 610 3002 ineunda,
645 2915 882 3015 praetermissa
907 2914 1013 2987 forma
1036 2913 1240 2997 tridentina,

131 3052 199 3103 osse
226 3055 367 3129 prorsus
389 3030 538 3104 inualida
559 3058 599 3105 ac
620 3032 724 3105 nulla.

193 3145 245 3219 De
261 3145 352 3218 datis
371 3145 450 3219 olim
471 3146 638 3222 eiusmodi
665 3147 966 3245 responsionibus,
987 3173 1128 3247 quarum
1147 3171 1241 3217 men·

132 3259 169 3335 tio
199 3261 238 3333 lit
263 3261 300 3333 in
325 3261 390 3336 boc
421 3262 614 3362 rescripto,
653 3262 747 3336 nulla
772 3290 850 3337 esse
875 3263 995 3364 poterit
1020 3260 1184 3334 dubitatio
1211 3259 1242 3332 ei

130 3374 182 3472 qni
200 3375 478 3451 animadverterit
498 3377 626 3451 iamdiu
646 3404 666 3451 a
685 3379 744 3452 Pio
760 3378 814 3448 lll.
833 3377 1025 3450 constituta.
1044 3376 1077 3448 ls
1097 3373 1187 3447 enim
1207 3373 1242 3444 in

128 3487 219 3564 brevi
244 3490 461 3564 mumolum
485 3495 543 3564 26.
573 3494 664 3593 Sept.
692 3495 798 3565 1791.
820 3491 863 3564 ad
885 3491 1062 3591 episcopos
1090 3488 1238 3597 Galliae:

130 3606 202 3678 «ln
230 3604 367 3692 Galliis,
395 3607 530 3707 inquit,
559 3607 683 3682 debent
707 3606 920 3680 matrimonia
945 3605 1103 3703 coniungi
1130 3632 1152 3677 a
1177 3630 1240 3678 suo

127 3722 273 3819 parocho
295 3721 464 3819 legitimo,
485 3723 538 3798 vel
556 3723 622 3798 alio
640 3723 813 3797 sacerdote
837 3722 880 3795 de
905 3722 977 3795 eius
1002 3721 1055 3794 vel
1077 3719 1238 3793 ordinarii

128 3832 281 3923 licentia3
307 3865 384 3910 nam
406 3839 657 3914 matrimonium
683 3839 780 3913 aliter
804 3838 1006 3912 celebratum
1029 3835 1155 3909 nullam
1172 3835 1241 3908 vim

127 3947 266 4025 baberet
282 3950 327 4026 ob
344 3951 596 4026 celeberrimam
615 3953 789 4028 tridentini
812 3952 946 4027 concilii
965 3951 1072 4048 legem
1089 3950 1133 4023 de
1150 3948 1243 4023 clan-

195 4173 248 4236 (tt)
264 4173 347 4224 Huius
356 4173 464 4238 decreti,
482 4188 524 4227 seu
535 4176 617 4240 potius
628 4177 793 4229 renovationis
806 4175 992 4241 responsionum
1003 4187 1066 4238 quae
1076 4173 1137 4224 olim
1146 4173 1195 4223 iam
1204 4169 1245 4220 da·

128 4253 164 4303 lss
179 4253 280 4304 tuemur
297 4256 369 4305 tenor
384 4256 472 4319 legitur
492 4257 557 4321 apud
573 4261 649 4321 peges
665 4258 774 4308 nisset.
787 4271 835 4310 sur
852 4256 876 4307 le
885 4254 955 4321 pret.
970 4262 992 4307 t.
1003 4257 1066 4320 part.
1079 4252 1243 4315 tosciacum

128 4333 238 4385 nmlntt
248 4334 400 4387 ucarriem
413 4335 460 4388 loo.
473 4336 514 4388 cit.
528 4350 553 4388 n.
567 4343 634 4390 ttts.
645 4340 670 4390 et
684 4343 752 4390 rest.
