2804 5062
122 381 182 431 ιιι.
194 380 288 430 unna
302 378 390 428 recu.
400 379 525 430 aornar¹
539 379 618 429 rrsr.
630 379 661 428 ιιι
673 379 737 428 ιιιι.
749 379 842 428 aare.
855 379 917 427 nra.
930 378 1000 427 aar.
1012 379 1059 427 ιιι.
1091 354 1160 425 ttt

76 498 207 570 solvitur.
238 496 367 570 Etenim
398 493 484 571 falsa
512 512 564 570 est
588 494 737 568 exhibita
760 495 913 569 delinitio
945 495 979 568 iu
1004 520 1045 568 eo
1070 485 1161 596 quod

71 613 176 687 dicitur
198 609 463 711 impedimentum
483 613 633 686 eceroitri
652 614 860 712 propriorum
882 612 1018 686 iterium.
1047 611 1163 712 Siqui-

68 730 129 804 dem
141 727 309 803 eiusmodi
321 726 473 801 delinitio
486 754 553 802 nou
566 727 759 803 verificatur
769 727 882 828 quoad
900 726 1108 826 delegantem
1122 753 1164 802 ac

66 844 257 943 delegatum.
277 843 409 917 Etenim
427 842 600 941 delegatus
625 843 754 916 nullum
773 843 826 917 ius
852 843 1022 945 proprium
1040 843 1160 929 habet,

64 958 194 1033 rodino
219 983 322 1033 omne
349 958 450 1032 unice
472 958 603 1033 derivat
627 984 667 1031 ex
697 955 892 1056 delegante,
920 956 1034 1057 quisi
1060 973 1165 1031 retra·

62 1074 114 1150 tat
133 1099 334 1149 concessam
361 1073 576 1160 facultatem,
605 1072 696 1147 illico
719 1088 832 1148 cessat
854 1089 887 1146 et
915 1073 1085 1150 eranescit
1109 1073 1165 1146 iua

61 1214 151 1265 omne
176 1189 212 1262 in
237 1188 411 1288 delegato,
433 1205 470 1262 ut
487 1215 547 1289 per
563 1214 601 1263 se
619 1204 721 1287 patet.

124 1304 262 1379 Falsum
281 1320 452 1405 praeterea
468 1304 626 1404 estquod
644 1304 692 1377 ait
708 1304 940 1391 adversarius,
967 1306 1165 1379 reservatio·

61 1445 128 1493 uem
146 1417 335 1519 superioris
353 1435 507 1518 respectu
525 1417 693 1491 inferioris
707 1418 817 1491 locum
836 1417 960 1491 habere
978 1445 1045 1491 non
1065 1445 1167 1519 posse

61 1533 165 1634 quood
186 1532 382 1633 pontificem
408 1533 510 1606 relate
528 1531 571 1607 ad
598 1532 799 1632 episcopos,
820 1560 924 1633 quum
950 1560 1063 1608 eorum
1092 1535 1165 1608 iura

61 1648 123 1721 sint
144 1647 436 1746 inextinguibilis,
466 1673 527 1721 seu
552 1648 813 1747 independentia
839 1666 936 1748 prout
965 1666 1017 1722 est
1045 1650 1165 1723 ordoa

61 1787 124 1862 quo
139 1762 354 1865 proveniunt.
375 1763 552 1837 Nemeum
570 1761 654 1836 haec
671 1764 811 1850 asserit,
832 1763 906 1862 ipse
925 1779 1091 1863 procerte
1109 1792 1166 1837 su-

60 1877 161 1953 mitl.
184 1878 261 1953 iura
276 1879 511 1979 episcoporum
529 1877 564 1951 in
583 1904 618 1951 re
636 1877 678 1950 de
696 1905 765 1978 qua
782 1878 915 1975 agimus
933 1878 1109 1977 provenire
1124 1905 1166 1952 en

62 2009 220 2091 potestate
245 1993 396 2082 ordinis,
424 2020 500 2068 cum
518 2010 629 2070 tamen
650 2021 715 2066 ιιοιι
736 1994 932 2093 proveniant
956 1994 1023 2067 uisi
1046 2020 1085 2066 ex
1108 2020 1168 2095 po-

62 2125 173 2183 testate
198 2107 466 2196 iurisdictionis3
509 2111 544 2182 2.
581 2109 724 2182 assumit
748 2109 835 2182 inter
864 2109 937 2181 iura
963 2109 1167 2211 episcopalia

61 2224 155 2297 etiam
182 2224 238 2299 ius
256 2250 371 2324 perse
388 2224 525 2324 reperiri
553 2224 722 2299 relaxandi
743 2224 981 2324 impedimenta
1007 2224 1169 2298 dirimen-

64 2338 125 2426 tia,
153 2338 245 2440 quod
273 2356 383 2412 tamen
408 2365 484 2413 esse
509 2339 646 2414 omnino
672 2367 692 2412 n
718 2339 856 2412 veritate
881 2338 1029 2412 alienum
1055 2339 1169 2413 multi-

64 2451 136 2549 plici
152 2480 194 2526 ex
214 2452 324 2554 capite
340 2454 574 2541 ostendimus;
605 2458 639 2528 3.
668 2455 811 2528 assumit
837 2456 891 2528 ius
917 2454 1000 2528 illud
1018 2481 1095 2529 esse
1117 2454 1170 2526 in-

64 2567 295 2666 extinguibile,
317 2569 363 2641 ita
380 2584 436 2655 ut,
458 2570 487 2642 si
506 2597 571 2644 non
590 2570 743 2645 obstante
762 2571 1004 2659 reservatione,
1021 2571 1170 2644 tribuant

65 2683 207 2783 episcopi
233 2685 435 2759 solutionem
461 2686 505 2758 ab
532 2687 804 2786 impedimentis,
825 2713 864 2759 ea
890 2686 1025 2786 quidem
1054 2686 1171 2762 illicita

67 2800 120 2884 sit,
151 2827 219 2874 non
242 2818 354 2874 autem
380 2801 547 2888 invalida,
576 2829 650 2876 cum
678 2819 789 2876 tamen
816 2820 848 2875 et
874 2803 991 2876 illicita
1015 2821 1048 2877 et
1077 2803 1171 2877 inve·
1241 2881 1243 2885 ,

10 2972 13 3023 t
68 2912 126 2987 lida
141 2917 212 3002 sit,
240 2934 355 3017 utpote
373 2919 451 2991 datu
466 2917 509 2992 ab
533 2944 593 3003 eo,
622 2919 680 3018 qui
701 2918 794 2992 nulla
812 2920 938 3017 potitur
956 2919 1165 2992 auctoritate.

68 3028 137 3103 Nam
159 3032 293 3104 etiamsi
312 3032 568 3120 concederetur,
589 3034 678 3132 quod
697 3033 819 3106 salsum
838 3034 1088 3117 existimamus,
1109 3035 1170 3105 iu-

10 3224 14 3247 ι
69 3145 285 3220 risdictioncm
318 3149 552 3248 episcoporum
584 3148 792 3246 singulorum
825 3174 902 3220 esse
935 3149 1128 3220 immediate
1149 3175 1174 3226 a

10 3254 12 3325 l
68 3259 210 3349 Christo,
239 3280 467 3336 verumtamen
495 3265 527 3335 iu
554 3265 628 3338 eius
646 3265 803 3337 exercitio
824 3264 870 3335 ita
888 3263 1032 3335 obnoxia
1052 3280 1103 3335 est
1121 3279 1173 3335 to-

68 3375 302 3450 tiusecclesiae
319 3378 442 3476 capiti,
463 3405 524 3452 seu
551 3406 634 3453 rom.
656 3378 828 3478 pontifici,
849 3395 886 3449 ut
912 3378 1004 3449 irrita
1025 3378 1172 3451 evadant

67 3509 148 3579 tcta,
170 3519 262 3592 quae
288 3493 364 3566 siue
389 3494 561 3593 pontificia
587 3495 787 3568 auctoritate
813 3493 917 3567 multo
943 3521 1021 3566 vero
1038 3494 1147 3592 magis
1160 3530 1174 3578 ,2

67 3633 143 3704 quae
161 3625 281 3682 centra
306 3609 380 3681 eius
398 3611 628 3684 auctoritatem
649 3626 872 3711 ponerentur:
905 3612 938 3681 d.
964 3611 1096 3682 demum
1117 3638 1174 3683 as-

67 3726 175 3811 sumit,
199 3725 291 3825 quod
313 3724 434 3799 salsum
452 3729 589 3801 omuino
607 3745 679 3815 est,
699 3727 798 3826 quasi
818 3726 958 3827 perinde
976 3728 1020 3798 sit
1042 3727 1175 3825 aliquid·

67 3862 132 3910 esse
157 3841 440 3937 inemtr'npuibile,
470 3869 509 3915 ac
539 3842 777 3940 independens,
807 3859 914 3942 potest
938 3842 1027 3914 enim
1058 3840 1173 3942 aliqua

69 3971 205 4047 potestas
223 3981 301 4029 csse
327 3957 614 4054 inextinguibilis,
645 3986 732 4057 quae
760 3975 870 4032 tamen
897 3956 992 4031 alteri
1019 3955 1174 4031 subordi-

71 4087 135 4142 nata
153 4089 210 4144 ert.

10 4191 12 4202 '
130 4186 299 4272 Quoniam
316 4214 396 4262 vero
413 4188 627 4263 aduersarius
647 4191 680 4262 in
700 4190 847 4264 medium
866 4190 962 4273 affert
980 4189 1172 4290 exemplum

77 4303 296 4389 sacerdotum,
325 4305 484 4402 quisine
514 4306 747 4381 iurisdictione
776 4307 1014 4405 impertiuntur
1038 4306 1176 4379 absolu-
