2804 5062
221 377 1100 432 ιιι.ιιι.ιιιιιι.ιοιιιι.ιιιιιιιιιιιιιιιιι.ιιι.
1114 377 1149 428 ιι.
1179 353 1248 425 too

155 497 329 572 latiombus
349 497 496 597 aliisque
515 495 704 582 similibus,
733 520 821 596 quae
840 495 888 568 ab
915 494 1099 595 apostolico
1126 510 1253 568 tantum

153 613 264 686 ιιιιιιιιι
286 612 466 710 cognosci,
495 611 665 710 expediri,
693 627 795 710 atquo
815 611 868 708 agi
892 594 1158 697 consueverunt,
1181 637 1254 685 ma-

150 755 223 801 num
236 726 309 801 ullo
321 729 422 801 modo
435 744 654 827 apponerent.
673 727 825 801 «Nullam
838 727 945 812 enim,
963 727 1073 826 inquit
1085 727 1250 825 pontifex,

149 845 180 915 in
208 843 406 917 huiusmodi
440 844 541 917 rebus
570 843 763 916 facultatem
789 843 884 916 vobis
914 859 1094 941 utcumque
1123 843 1254 942 episco-

149 960 218 1057 pis,
248 976 313 1032 etc.
338 975 545 1058 competere,
574 977 631 1033 aut
656 984 717 1057 per
738 955 932 1031 huiusmodi
957 958 1144 1030 absentiam
1171 981 1254 1028 nun·

147 1075 186 1146 cii
208 1075 316 1147 nostri
343 1074 533 1148 devolutam
553 1075 659 1148 luisse
682 1091 739 1146 aut
762 1074 948 1147 accrevisse
967 1072 1197 1157 declaramus,
1222 1088 1256 1145 et

149 1187 390 1274 nibilominus,
405 1215 449 1261 ne
461 1188 552 1262 ullus
574 1190 724 1287 supersit
742 1187 920 1260 dubitandi
939 1204 999 1259 aut
1015 1185 1253 1285 interpretandi

149 1303 261 1390 locus,
280 1321 316 1376 et
331 1303 376 1377 ad
389 1303 582 1377 ulteriorem
600 1303 782 1389 cautelam,
798 1328 931 1377 omnem
943 1302 1039 1376 tobis
1055 1303 1144 1376 circa
1162 1327 1257 1400 prae

150 1419 252 1492 missa
271 1434 472 1518 potestatem
489 1445 630 1519 prorsus
646 1419 844 1504 adimimus,
868 1418 999 1491 irritum
1023 1444 1064 1490 ac
1084 1418 1184 1488 inane
1199 1416 1256 1489 de

150 1531 312 1606 clerantes
336 1533 504 1633 quidquid
529 1558 628 1607 secus
653 1533 829 1632 superbis
853 1559 874 1604 a
898 1556 1109 1631 quocumque
1135 1530 1255 1629 quavis

152 1648 344 1723 incenato
360 1649 505 1722 scienter
517 1648 570 1722 vel
584 1647 775 1745 ignoranter
788 1646 940 1719 attentari
954 1645 1128 1743 contigerit
1139 1647 1251 1740 (54).»

152 1760 277 1846 Quibus
296 1789 338 1835 ex
354 1763 467 1836 verbis
481 1762 577 1835 laoile
595 1780 648 1837 est
663 1763 820 1860 colligere
834 1786 1002 1860 paenam
1017 1762 1158 1833 summis
1177 1784 1257 1859 pon-

155 1877 295 1952 tificibus
321 1879 487 1952 sententia
504 1878 659 1965 baereat,
673 1878 775 1951 stiam
798 1902 911 1976 quum·
924 1877 967 1948 de
990 1874 1126 1949 casibus
1147 1876 1257 1971 agitur

155 1992 335 2093 inquibus
353 1993 503 2068 nonnulli
529 1995 757 2094 exceptionem
782 1994 891 2066 lacere
914 1987 1023 2065 'solem
1043 1991 1077 2062 in
1104 1988 1252 2064 levorem

153 2110 398 2210 newsum·
423 2139 427 2146 ’
661 2106 665 2112 ’
906 2110 910 2116 ’
1045 2156 1048 2164 ·
1081 2131 1083 2137 ·
1180 2131 1183 2135 ·

215 2224 371 2298 Alterum
383 2225 618 2299 documentum
632 2227 678 2300 sit
690 2226 738 2297 Pii
751 2227 804 2298 vl.
817 2225 1050 2299 lirare-datam
1068 2248 1126 2297 an·
1142 2226 1249 2296 lton.

153 2338 190 2411 ad
203 2340 502 2439 archiepiscopum
525 2341 760 2427 trevirensem,
779 2367 848 2439 quo
865 2341 1002 2412 damnat
1026 2363 1066 2412 ac
1092 2331 1258 2438 improbat

152 2453 294 2528 edictum
319 2481 513 2529 caesareum
537 2456 695 2529 deuius
711 2456 952 2543 mandabatur,
981 2473 1018 2529 ut
1042 2456 1185 2553 episcopi
1202 2454 1258 2526 di»

151 2585 296 2667 pauent
319 2573 389 2642 iure
405 2573 536 2669 proprio
561 2571 605 2643 ab
629 2571 876 2671 impedimentis
892 2565 1140 2644 dirimentibus.
1163 2571 1258 2645 Post—

151 2711 249 2784 quam
260 2686 355 2758 enim
374 2713 528 2776 summus
544 2685 690 2785 pontifex
701 2687 902 2771 asseruitad
915 2686 1091 2769 ecclesiam
1105 2704 1258 2787 spectare

153 2817 349 2898 poectum
382 2803 619 2876 constituendi
635 2801 873 2900 impedimenta
897 2801 1131 2887 connubialia,
1160 2803 1259 2883 infert

154 2915 388 3011 ιιιιιιιιοιιιιιιι
405 2917 449 2988 ab
465 2916 585 2990 iisdem
601 2916 850 3017 impedimentis
867 2944 893 2989 a
906 2915 978 2991 solo
997 2939 1079 2990 rom.
1102 2917 1259 3016 pontifice

151 3003 192 3102 ad
214 3031 428 3126 coniugium
445 3031 593 3127 legitime
622 3057 683 3104 seu
713 3031 824 3104 valide
856 3032 1037 3105 ineundum
1063 3032 1259 3104 aumoritate

153 3145 287 3244 propria
301 3172 402 3244 posse
411 3147 680 3246 concedantque
692 3146 747 3218 bis
764 3147 875 3220 verbis
893 3147 1077 3219 concludit:
1095 3144 1258 3218 «Etiamsi

151 3259 356 3358 episcopalis
373 3261 572 3347 auctoritas,
586 3278 625 3334 ut
639 3261 792 3334 nonnulli
810 3262 968 3334 doctores·
981 3258 1259 3346 contendunt,³ab

153 3375 225 3472 ipso
248 3376 539 3450 immediatoslleo
561 3376 776 3475 procederet,
804 3393 1065 3450 cenumtamsn
1082 3391 1261 3449 constans-

151 3515 214 3587 que
233 3516 316 3563 esse
332 3490 451 3577 debet,
465 3491 557 3564 illam
570 3493 799 3565 anomritatam
814 3518 878 3564 non
890 3491 1023 3564 antetuli
1034 3491 1078 3564 ad
1090 3490 1259 3590 fecundes

153 3606 219 3676 iere
239 3609 375 3704 proprio
396 3606 432 3677 in
445 3606 1023 3704 generalibus-ecclesiaovlagibus
1035 3607 1260 3706 dispensatio

155 3721 306 3809 cessino
329 3721 558 3819 expressamvel
577 3723 677 3805 tacito
701 3723 818 3797 saltem
840 3723 1059 3816 concessione
1075 3723 1260 3820 superioris

153 3860 257 3936 aquo
273 3836 425 3908 sancitae
442 3836 521 3909 illae
537 3855 615 3909 sunt
623 3839 832 3936 ,potestatis
852 3838 943 3911 Fidei
957 3840 1045 3912 enim
1059 3839 1181 3934 dogma
1193 3854 1257 3922 est,

153 3950 387 4078 episcoporum
405 3950 654 4055 auctoritatem,
652 3951 763 4055 uel
733 3978 766 4059 ιι
780 3950 960 4039 allhnsto
964 3952 1168 4047 immediate
1163 3979 1259 4052 ema-

155 4065 264 4150 sarit,
291 4064 479 4220 subiectam
498 4050 626 4207 nmen
637 4093 727 4142 esse
731 4095 825 4143 rum
831 4044 1037 4217 pontificis
1041 4070 1256 4211 admentatiz

920 4177 973 4219 utlt

205 4204 275 4312 (ul
287 4190 485 4303 &clamis
488 4255 535 4303 xi.
551 4190 700 4315 ιιιιιιιιιι.
714 4192 847 4318 inlices
864 4194 1164 4311 btmtositesltoro
1167 4260 1229 4369 tomi
1240 4260 1250 4308 t

160 4342 208 4390 ιιι.
229 4339 275 4380 too
295 4345 348 4395 seq.
364 4335 455 4382 nomae
472 4337 538 4384 tm
1033 4372 1038 4381 ι
1230 4368 1234 4378 ·
