2804 5062
243 353 312 425 111
475 376 536 428 nn.
558 377 594 428 u.
615 375 701 428 secr.
723 376 747 426 r.
767 376 808 427 ne
826 375 951 428 000000.
973 375 1100 427 scmus.

241 495 384 570 destinis
405 494 626 571 matrimoniis
649 496 684 568 in
708 494 801 568 illius
824 497 920 594 rapui
933 494 1103 593 parochiis
1114 491 1350 592 promulpataat

240 625 272 684 et
300 613 558 685 constantissime
591 610 853 686 observatam.»
881 610 965 685 ltem
991 610 1027 682 in
1053 609 1140 682 laet.
1175 608 1222 683 ad
1254 608 1348 709 episc.

240 726 469 803 luciacensem
492 728 551 800 28.
568 727 646 800 llaii
673 728 781 800 1193.
808 726 978 800 «Frustra
1001 725 1243 826 quaestionem
1263 722 1352 798 modo

241 843 398 931 moveri,
430 868 506 917 cum
537 841 708 917 tridentini
734 841 868 917 concilii
893 841 1064 915 decretum
1090 839 1302 941 publicatum
1323 839 1353 911 iu

241 957 388 1057 singulis
406 956 589 1031 Galliarum
607 957 761 1032 ecclesiis
779 956 892 1031 luerit.
909 955 993 1030 Cum
1014 955 1104 1030 enim
1125 969 1221 1030 certa
1240 954 1354 1030 sertim

241 1086 372 1146 constet
392 1071 428 1143 in
448 1070 600 1146 ecclesiis
624 1070 805 1145 Galliarum
831 1071 899 1145 iam
924 1097 989 1144 usu
1017 1085 1191 1170 receptum
1208 1094 1306 1158 esso,
1323 1084 1355 1141 ut

241 1185 455 1260 matrimonia
480 1184 691 1261 celebrentur
714 1211 827 1260 coram
853 1182 1001 1285 parocho
1027 1198 1061 1258 et
1083 1182 1222 1258 duobus
1239 1182 1292 1258 vel
1306 1183 1354 1254 tri·

241 1299 308 1375 bus
341 1299 483 1376 testibus
517 1317 689 1402 umquam
714 1301 749 1374 in
775 1300 1032 1401 exequutionem
1066 1298 1194 1373 decreti
1230 1296 1352 1373 concilii

242 1415 434 1505 tridentini,
462 1416 526 1492 hoc
551 1417 700 1520 prolecto
722 1417 805 1491 satis
831 1415 1047 1504 debetcum,
1068 1429 1353 1515 utpraesumatur

243 1535 331 1608 lacte
356 1534 508 1610 eiusdem
534 1534 658 1609 decreti
684 1533 886 1635 publicatio,
920 1533 1009 1608 sieut
1032 1547 1149 1633 aperte
1174 1530 1298 1629 legitur
1322 1531 1352 1603 iu

243 1648 448 1725 resolutione
473 1648 564 1724 edita
589 1676 609 1724 a
634 1651 668 1721 S.
686 1649 724 1723 C.
745 1647 879 1723 aoncilii
900 1647 957 1722 die
974 1648 1033 1719 tt.
1049 1647 1143 1746 Sept.
1159 1671 1218 1719 an.
1237 1647 1350 1733 1602..

243 1790 332 1867 quae
354 1764 494 1839 refertur
506 1763 566 1837 lib.
580 1762 738 1838 llldear.
751 1788 828 1865 pag.
844 1763 901 1835 ll.
919 1760 1181 1835 Publiaatioaem
1194 1760 1354 1860 praesumi

243 1880 304 1952 ubi
319 1879 482 1954 decretum
498 1881 600 1981 suerit
618 1881 729 1979 aliquo
745 1893 882 1978 tempore
899 1880 935 1951 ia
947 1876 1109 1977 parochia
1126 1873 1352 1977 1000000010-

245 2010 368 2068 metum
392 1996 525 2069 aoncilii
552 1995 767 2069 obseruatum.
796 1993 958 2094 ldemque
987 2006 1149 2067 statutum
1179 1991 1302 2091 legitur
1322 1990 1351 2062 in

245 2108 315 2184 alia
336 2109 538 2184 resolutione
560 2109 616 2183 die
642 2111 700 2182 311.
726 2107 835 2182 hlartii
861 2109 991 2182 totu.»

317 2226 409 2300 flacc
434 2224 511 2323 ipsa
532 2249 611 2298 uero
636 2224 745 2322 magis
771 2223 904 2299 evoluta
929 2237 1009 2297 sunt
1035 2222 1071 2294 in
1097 2219 1351 2297 resolutionibus

243 2338 422 2415 dubiorum
441 2338 715 2440 particularium,
739 2365 828 2440 quae
846 2337 1020 2439 proposita
1038 2351 1118 2412 sunt
1135 2361 1208 2412 sac.
1226 2359 1352 2436 congre·

244 2454 449 2553 gationibus.
472 2453 601 2528 ldcirco
617 2481 679 2529 nos
697 2479 841 2554 paucas,
868 2452 1066 2553 speciminis
1094 2453 1206 2550 gratia
1226 2449 1353 2527 subiici·

244 2594 320 2643 mus
338 2595 378 2642 ex
396 2570 457 2656 iis,
477 2596 564 2670 quae
581 2570 680 2643 datae
705 2584 785 2644 sunt
801 2596 862 2669 pra
881 2567 1009 2643 Galliis.
1027 2569 1066 2639 ln
1078 2567 1231 2642 dioecesi
1249 2566 1353 2640 Valen-

244 2683 311 2756 1100
328 2684 385 2755 11.
403 2682 674 2757 1010179910
693 2684 841 2784 quodam
862 2709 949 2783 pago
966 2683 1025 2756 ubi
1043 2681 1202 2757 catholici
1229 2704 1352 2756 numero

244 2824 362 2899 parum
387 2797 591 2872 excedebant
616 2799 803 2879 haereticos
821 2798 988 2899 quaedam
1015 2798 1160 2873 Victoria
1185 2798 1295 2873 lthien
1311 2821 1353 2869 aa·

247 2913 365 2985 thelica
390 2938 427 2985 se
454 2912 666 2987 matrimonio
691 2913 801 2987 iunxit
829 2939 906 2987 cum
931 2912 1076 2987 Antonio
1102 2911 1262 2986 Thibaud
1286 2935 1352 3011 pru

247 3041 405 3111 testante,
434 3042 487 3102 ast
513 3042 639 3101 tantum
664 3028 832 3117 ciuiliter,
861 3056 934 3111 aum
959 3028 1003 3102 ad
1026 3032 1229 3128 superiorem
1259 3027 1352 3127 lepiti·

245 3170 351 3230 mum,
371 3145 424 3217 ael
440 3145 545 3217 alium
560 3143 758 3218 sacerdotem
770 3145 813 3218 ab
827 3146 897 3244 ipsa
915 3144 1105 3244 deputatum
1121 3145 1224 3245 facile
1242 3140 1354 3218 recurri

240 3274 383 3360 poterat.
401 3258 483 3335 Orto
499 3286 579 3335 uero
595 3261 682 3334 inter
699 3258 935 3334 contrahentes
961 3259 1126 3346 dissidio,
1155 3259 1300 3335 divortio
1314 3256 1353 3329 la

246 3374 314 3473 gali
339 3375 383 3448 ab
409 3376 553 3450 inuicem
580 3403 618 3449 00
643 3393 843 3477 separarunt
869 3378 928 3448 to.
949 3375 1090 3473 Augusti
1109 3375 1221 3448 1801.
1238 3370 1354 3448 Deinde

248 3490 420 3590 praedicta
443 3491 585 3566 Victoria
612 3493 797 3564 001801.
821 3517 944 3566 novum
971 3489 1146 3564 attentavit
1171 3489 1354 3588 coniugium

246 3604 345 3680 civile
377 3631 453 3679 cum
478 3607 657 3681 branciaco
680 3606 785 3681 Talon
818 3606 996 3682 catholica.
1026 3606 1203 3680 Factorum
1230 3626 1355 3681 suorum

246 3721 424 3821 poenitens
443 3746 594 3821 suaeque
611 3723 840 3796 conscientiae
858 3721 1052 3795 satisfacere
1070 3721 1229 3820 capiens,
1250 3717 1353 3821 petiit,

247 3850 284 3909 ut
309 3835 438 3908 uallum
464 3836 689 3910 declararetur
721 3837 865 3935 primum
892 3835 1142 3909 matrimonium
1170 3835 1264 3934 quod
1289 3857 1356 3907 000·

248 3967 391 4023 traxerat
419 3976 495 4023 aum
522 3949 677 4024 Thihaud
703 3950 816 4025 adhuc
840 3952 875 4023 in
900 3951 988 4024 vivis
1015 3965 1153 4048 agente,
1182 3964 1218 4023 et
1243 3950 1295 4024 sic
1316 3945 1356 4018 le·

248 4065 364 4163 gitime
388 4066 546 4165 coniungi
572 4083 689 4167 posset
705 4093 780 4141 cum
799 4067 915 4140 l'alon.
937 4068 1099 4167 Suprema
1117 4091 1147 4138 s.
1165 4064 1354 4139 0111011000-

247 4180 396 4295 progatio
422 4180 505 4256 leria
530 4182 582 4254 lll.
609 4185 667 4255 13.
694 4183 789 4255 llart.
820 4184 927 4254 1808.
959 4178 1175 4280 respondit«
1192 4178 1354 4266 Quatenus

246 4309 378 4368 constet
403 4322 464 4395 per
486 4295 655 4394 legitimas
685 4294 900 4422 probationep
932 4295 1079 4395 primum
1111 4292 1352 4370 matrimonium
