2804 5062
221 371 290 420 cir.
303 371 339 420 u.
354 372 393 420 na
407 338 495 421 root.
510 370 634 421 rortsr.
647 365 754 426 coust.
772 374 838 423 rur.
853 376 946 425 atra.
962 377 1027 426 nin.
1039 379 1108 427 mr.
1129 380 1152 429 1.
1207 361 1250 429 tt

157 486 182 558 in
203 488 465 562 christianorum
488 488 615 587 nuptiis
640 515 742 587 quam
765 488 903 563 directio
929 517 1042 565 earum
1068 496 1250 570 extrinseca

154 602 193 673 ad
216 602 341 675 bonum
373 603 568 686 societatis,
597 629 737 700 pronum
768 620 820 676 est
846 605 1042 679 deducendo
1074 607 1248 704 colligere,

155 717 242 815 ipsos
258 717 467 791 nullomodo
483 716 646 814 attingere
660 744 760 816 posse
774 717 875 791 huius
893 737 1081 794 contractus
1095 721 1252 796 substan-

155 832 251 918 tiam,
280 848 384 932 atque
407 832 492 906 adeo
516 831 751 932 impedimenta
775 833 964 907 dirimentis
987 835 1200 909 constituere.

219 950 377 1020 Attamen
402 973 467 1019 non
490 946 667 1020 defuerunt
695 946 823 1047 aliquot
845 948 889 1020 ab
911 948 991 1021 hinc
1015 949 1158 1036 seculis,
1191 977 1252 1024 nec

149 1061 329 1134 hodiedum
355 1059 467 1133 adhuc
489 1060 630 1147 desunt,
652 1060 710 1158 qni
729 1061 860 1133 connisi
886 1062 1010 1135 suerint
1027 1080 1061 1135 ct
1077 1063 1251 1137 conniten-

150 1191 199 1245 tur
215 1190 415 1274 potestatem
430 1174 517 1247 hano
534 1172 730 1246 instituendi
749 1173 985 1272 impedimenta
1003 1176 1249 1250 matrimonium

148 1290 338 1363 dirimentis
361 1289 523 1363 eeclesias
547 1289 694 1388 eripere,
719 1315 860 1388 eamque
886 1290 918 1360 in
948 1291 1117 1389 principes
1142 1309 1250 1367 trans-

148 1403 247 1486 ferre,
277 1421 340 1476 aut
364 1403 481 1475 saltem
500 1428 708 1476 communem
728 1403 861 1500 utrique
886 1403 1114 1478 ecclesiastico
1139 1421 1171 1478 et
1192 1432 1250 1505 po

148 1518 234 1592 litioo
260 1519 419 1615 regimini
444 1519 587 1591 efficere.

215 1635 330 1708 Primo
356 1635 493 1733 quidem
520 1650 695 1708 novatores
721 1661 789 1708 sec.
820 1636 901 1706 xvi.
931 1635 1094 1710 Lutherus
1119 1653 1152 1709 et
1174 1636 1250 1709 Cal-

147 1751 240 1823 tinus
253 1776 332 1823 cum
347 1752 420 1823 suis
433 1748 593 1836 asseclis,
618 1766 738 1848 negata
755 1750 858 1824 huius
880 1753 1077 1825 sacramenti
1096 1754 1246 1836 veritate,

147 1867 193 1939 ins
212 1867 385 1940 statuendi
403 1866 641 1964 impedimenta
658 1867 823 1939 imitantia
841 1867 1033 1963 coniugium
1051 1868 1250 1967 cuicumque

149 1981 314 2055 humanae
337 1982 512 2081 potestati,
541 2008 661 2080 nempe
686 1982 921 2053 ecclesiasticae
951 2007 1011 2053 seu
1035 1982 1245 2080 pontificiae,

148 2113 182 2169 ot
205 2097 401 2196 paulopost
424 2096 661 2183 ostendemus,
690 2094 921 2191 denegarunt,
942 2095 1249 2196 contenderuntque

149 2211 304 2284 nonalia
335 2237 413 2283 esse
438 2210 649 2307 agnoscenda
682 2227 812 2308 praeter
841 2208 899 2281 illa
926 2236 1013 2310 quae
1040 2215 1075 2282 in
1105 2211 1249 2285 levitico

145 2353 214 2426 cap.
227 2327 349 2399 xviii.
363 2325 543 2399 constituta
561 2342 655 2414 sunt,
676 2324 734 2398 ubi
754 2324 975 2425 prohibentur
988 2324 1155 2398 connubia
1173 2351 1248 2398 cum

145 2440 405 2538 consanguineis
431 2455 465 2512 et
494 2438 651 2512 affinibus
677 2440 709 2510 in
739 2440 857 2539 primis
888 2438 1148 2539 propinquitatis
1161 2444 1249 2537 ¹gra-

145 2556 242 2629 dibus
272 2558 339 2649 (l).

210 2673 254 2743 dt
279 2669 443 2768 deinceps
471 2696 536 2742 non
559 2671 656 2769 pauci
676 2670 730 2743 hic
755 2669 892 2769 illicque
915 2688 1160 2758 surrexerunt,
1189 2697 1249 2744 seu

144 2785 252 2882 potius
274 2783 501 2884 pullularunt,
529 2785 587 2883 qui
611 2783 654 2856 ad
680 2784 853 2882 politicum
875 2784 1023 2882 regimen
1052 2802 1247 2884 potestatem

144 2898 225 2972 hano
250 2897 478 2971 constituendi
502 2897 742 2997 impedimenta
766 2898 964 2971 detulerunt.
995 2899 1125 2972 Marcus
1148 2901 1249 2974 Anto-

145 3013 218 3086 nius
245 3012 290 3085 de
318 3011 472 3085 Dominis
490 3011 575 3085 inter
599 3028 727 3085 ceteros
751 3012 898 3098 eminet,
928 3038 989 3085 nec
1013 3037 1081 3084 non
1106 3013 1248 3085 loannes

144 3128 316 3201 launoius
339 3128 397 3227 qui
424 3126 518 3198 illius
544 3142 718 3226 apostatae
735 3153 800 3220 non
827 3126 926 3201 modo
946 3127 1143 3199 sententiam
1168 3127 1248 3198 ado-

145 3245 274 3341 ptarit,
305 3242 367 3315 sed
392 3258 429 3314 ut
445 3241 625 3341 plurimum
653 3257 847 3338 argumenta
872 3241 972 3312 etiam
985 3239 1192 3337 exscripsit(
1216 3242 1244 3335 )

146 3358 285 3432 Censuit
309 3357 399 3430 enim
418 3355 474 3429 hio
492 3356 687 3429 lutheranus
705 3357 853 3427 larvatus
872 3355 925 3427 ius
950 3353 1118 3427 statuendi
1143 3353 1249 3453 impe-

143 3472 311 3559 dimenta,
328 3498 415 3572 quae
436 3470 595 3544 dirimant
609 3471 858 3544 matrimonium
873 3470 920 3542 ita
932 3469 1069 3568 propria
1085 3496 1124 3542 ac
1136 3470 1246 3543 nativa

204 3677 240 3738 (t)
257 3679 295 3726 rt:
311 3675 433 3727 munius
443 3674 469 3724 iu
484 3675 528 3725 lib.
543 3678 578 3725 De
590 3677 711 3740 captivit.
726 3672 893 3737 Babylonica.
907 3676 945 3724 De
956 3675 1133 3736 matrimonio,
1146 3673 1187 3723 ubi
1199 3687 1248 3722 non

142 3756 209 3809 tium
218 3759 366 3821 potetatem
374 3754 538 3805 wastituendi
551 3754 725 3818 impedimenta
738 3756 832 3817 praeter
842 3752 961 3803 diuinam
971 3752 1088 3815 admittit,
1097 3753 1167 3802 cuius
1178 3753 1251 3823 raia

141 3839 219 3900 pan
232 3837 381 3897 mnarum
395 3835 453 3885 item
469 3836 494 3885 in
503 3838 584 3886 sorta.
597 3834 629 3884 dc
640 3837 756 3884 matrim.
772 3833 839 3883 edito
853 3846 894 3883 au.
904 3840 971 3884 teta.
984 3832 1117 3893 cairtnut,
1134 3834 1162 3880 ut
1176 3831 1251 3890 aoiet,

143 3915 273 3965 uisitauit
289 3912 388 3974 atium,
405 3912 448 3963 sod
463 3913 543 3964 toium
559 3913 703 3974 exornavit,
719 3925 783 3975 quae
802 3912 923 3963 Lutirerut
942 3911 1081 3975 scripserat.
1100 3911 1161 3959 item
1175 3911 1249 3960 Bure

144 4008 181 4045 m
192 4001 215 4045 et
232 3993 419 4053 Mctmehtiiou,
438 3993 482 4057 qui
498 3993 598 4044 Littheri
619 3993 709 4057 placita
729 3996 873 4055 sequuntur.
891 3993 929 4041 ct.
948 3990 1060 4040 Batiana.
1081 3992 1117 4039 De
1133 3991 1247 4039 mairiam

148 4090 197 4140 aaa.
215 4079 292 4127 xxv.

205 4155 241 4215 (²)
256 4156 284 4204 ln
300 4166 342 4221 op.
358 4155 398 4203 De
413 4155 492 4216 Recta
507 4155 535 4202 itt
551 4154 748 4203 matrimonium
763 4153 891 4216 potestate
908 4163 949 4200 an.
965 4149 1153 4213 satornana.
1169 4152 1248 4207 Quam

142 4232 309 4294 nuntioram
319 4244 335 4280 a
346 4230 456 4281 huncio
471 4230 694 4294 incunctanti.
707 4235 735 4280 Α.
749 4232 785 4280 ite
798 4228 909 4279 Dominis
919 4228 1063 4278 LenItirrius
1079 4230 1121 4278 Dr.
1135 4221 1250 4278 sorboni-

150 4323 201 4370 cus,
221 4310 313 4362 esitato
328 4311 458 4372 utriusque
472 4313 558 4371 totto,
575 4311 599 4360 in
620 4304 747 4372 propatulo
762 4309 851 4373 pomo.
1163 4377 1178 4428 θ

212 4390 236 4443 ΙΙ
1223 4387 1227 4394 ’
