2804 5062
243 355 311 428 iii
338 441 342 447 .
478 374 540 426 tn.
561 374 596 426 ιι.
618 374 703 426 sacr.
725 375 748 424 1.
773 373 813 425 on
831 373 957 425 mussa.
983 373 1113 426 secus.
1143 428 1147 433 ,

240 521 325 571 rom.
346 493 542 596 pontificum
568 493 790 570 iustrumenta
820 508 854 568 et
878 519 1006 592 organa
1032 510 1132 581 sunt,
1154 492 1280 594 quibas
1303 522 1345 570 ec

240 624 321 686 rum
339 635 435 687 mens
460 609 595 712 patefit,
625 636 687 685 neo
703 635 855 709 unquam
872 609 1005 711 absque
1028 635 1196 711 expressa
1213 610 1348 711 ipsomn

239 727 483 829 approbatione
494 726 699 829 promulgari
716 742 978 814 consueverunt3
996 752 1066 827 quo
1082 726 1122 800 lit
1139 742 1178 801 ut
1195 752 1270 802 sac.
1289 753 1350 803 con

239 842 470 941 gregationum
496 867 663 941 responsa
686 841 811 942 cuique
828 841 1037 941 privatorum
1054 840 1293 941 theologorum
1305 859 1352 918 aut

240 956 492 1032 canonistarum
518 955 706 1031 auctoritati
733 955 894 1055 praeferri
920 954 1065 1029 debeant
1088 972 1124 1030 et
1148 958 1318 1057 anteponi.

313 1071 385 1145 Hoc
401 1070 569 1172 praeiacto
585 1071 822 1161 fundamento,
842 1071 877 1145 in
897 1071 1046 1146 medium
1071 1072 1254 1171 proferunt
1276 1073 1352 1148 eins

240 1185 332 1262 modi
358 1186 570 1262 documenta.

315 1303 384 1378 Nos
397 1319 487 1379 ntea
499 1302 542 1378 ob
554 1301 669 1379 oculos
683 1303 929 1378 subiiceremus
942 1304 978 1376 in
991 1329 1096 1377 unum
1107 1303 1218 1378 veluti
1230 1303 1352 1379 collecta

241 1444 284 1494 ex
308 1416 453 1494 divensis
478 1419 577 1495 istius
601 1419 788 1494 sententiae
804 1419 1016 1507 auctoribus,
1036 1445 1206 1493 unacum
1223 1419 1349 1506 ceteris,

241 1561 330 1636 quae
347 1534 447 1610 nobis
465 1560 660 1635 comparare
677 1535 865 1635 potuimus,
880 1534 1061 1609 elenchum
1073 1533 1180 1609 veluti
1195 1534 1351 1635 quendam

241 1675 357 1725 corum
382 1650 606 1738 confecimus,
633 1677 736 1752 quem
761 1650 818 1725 hic
843 1650 1055 1725 exhibemus.
1079 1650 1350 1753 Quandoquidem

240 1779 354 1841 autem
378 1764 475 1867 plura
500 1765 584 1839 haec
610 1765 811 1841 documenta
836 1782 935 1853 aunt,
956 1791 1000 1839 ne
1018 1765 1215 1842 inordinate
1238 1792 1277 1840 ac
1291 1765 1351 1841 sinc

240 1879 372 1957 delectu
389 1880 424 1953 id
438 1895 702 1981 praestaremus,
719 1880 810 1955 hunc
822 1880 1005 1955 consectati
1019 1905 1139 1955 snmus
1152 1881 1350 1968 ordinemnt

241 1997 336 2098 prius
350 1996 532 2071 diciamus
549 2022 638 2096 quae
655 1996 839 2096 respiciunt
851 1996 1037 2096 peculiares
1052 1997 1229 2095 regiones,
1243 1994 1348 2071 deinde

240 2136 328 2211 quae
345 2110 515 2209 generalia
532 2126 624 2199 sunt,
641 2110 715 2184 sive
731 2128 850 2209 agatur
861 2110 905 2185 de
916 2111 1083 2210 coniugiis
1101 2112 1346 2188 acatholicorum

242 2225 330 2301 inter
354 2252 393 2301 se
417 2227 490 2303 sire
514 2226 557 2300 de
581 2225 749 2324 coniugiis
775 2227 909 2315 mixtis3
930 2253 1007 2302 cum
1032 2253 1101 2301 una
1116 2224 1346 2328 eademquasit

241 2342 390 2418 omnium
416 2343 514 2419 ratio.

733 2539 770 2637 q.
801 2537 859 2608 111.

344 2725 498 2791 apostolicae
509 2726 575 2778 sedis
585 2726 683 2778 decreta
693 2726 760 2777 circa
768 2725 924 2777 Matrimonia
934 2725 1129 2778 acatholicorum
1141 2726 1207 2778 inter
1223 2740 1264 2788 se,

383 2809 409 2858 et
418 2805 574 2857 Matrimonia
583 2807 661 2858 mixta
670 2806 714 2857 ubi
726 2805 878 2871 publicatum
887 2820 917 2857 ac
928 2808 1052 2870 receptum
1061 2808 1099 2857 cet
1107 2805 1236 2860 decretum

667 2885 774 2937 concilii
790 2885 936 2937 Tridentini.

319 3035 429 3135 Atque
445 3051 483 3109 ut
499 3034 704 3135 incipiamus
717 3061 738 3109 a
750 3036 980 3124 documentis,
995 3061 1085 3136 quae
1098 3035 1242 3110 Galliam
1257 3034 1342 3134 respi·

243 3151 340 3228 ciunt
356 3151 400 3225 de
413 3178 482 3252 qua
500 3149 619 3225 ultimo
636 3151 709 3226 loco
726 3152 970 3240 disseruimus,
991 3152 1138 3253 primum
1160 3152 1207 3227 sit
1224 3176 1343 3252 respon·

244 3295 333 3356 sum,
349 3268 441 3368 qnod
455 3294 476 3342 a
488 3294 646 3368 suprema
663 3294 711 3341 ss.
723 3267 957 3367 inquisitionis
971 3269 1234 3366 congregatione
1251 3269 1346 3342 datum

241 3398 295 3457 est
312 3410 367 3456 an.
385 3386 493 3456 1818.
508 3383 564 3457 die
577 3386 635 3455 19.
646 3383 722 3455 lulii
739 3384 877 3457 vicariis
892 3382 1134 3482 capitularibus
1149 3380 1348 3485 pictaviensi·

242 3498 320 3587 hus,
341 3499 401 3599 qui
420 3515 648 3599 exposuerunt
660 3500 751 3600 quod
765 3526 842 3573 cum
855 3499 989 3574 «Hodie
1007 3515 1236 3599 protestantes
1249 3513 1350 3574 steten

242 3614 373 3687 civilem
385 3615 419 3686 iu
434 3613 553 3687 Galliis
567 3615 725 3703 habeant,
738 3617 982 3714 societatemque
992 3616 1183 3714 relipioscm
1196 3618 1352 3716 efformati

241 3756 265 3803 a
276 3731 426 3803 societate
440 3731 599 3803 catholico
613 3731 821 3816 distinctam,
839 3760 921 3830 quoe
938 3759 1013 3805 suos
1031 3734 1201 3805 ministros
1221 3751 1351 3827 suosque

241 3870 326 3917 usus
349 3844 475 3918 habent
479 3903 552 3917 .....
566 3847 670 3944 Resp.
686 3871 782 3918 sacra
798 3846 1032 3944 congregatio:
1054 3847 1227 3919 «vicariis
1246 3844 1352 3944 capitu

242 3957 372 4032 laribus
391 3961 656 4061 pictaviensibus
676 3988 794 4061 presse
812 3979 845 4035 et
866 3962 981 4035 stricte
999 3962 1275 4060 respondendum
1291 3979 1351 4032 esso

245 4074 346 4146 taeta
358 4080 578 4175 responsiones
587 4078 673 4150 olias
684 4078 779 4150 datos
790 4078 1024 4151 consimilibus
1039 4076 1237 4177 postulatis;
1249 4093 1351 4170 nempe

242 4188 357 4287 quoad
391 4192 624 4277 matrimonia,
658 4219 745 4292 quac
773 4192 806 4263 in
833 4192 1001 4292 praesenti
1034 4218 1143 4265 rorum
1173 4208 1264 4265 statu
1287 4211 1349 4263 mn·

242 4302 421 4379 trahuntur
444 4305 479 4378 in
505 4305 623 4380 Galliis
655 4306 727 4381 sire
751 4334 772 4381 a
798 4306 1063 4406 protestantibus
1094 4309 1182 4380 inter
1205 4333 1264 4389 se,
1292 4301 1348 4376 sie
