2804 5062
139 346 185 413 rt
237 327 240 333 ’
373 368 434 417 nm.
457 368 491 417 u.
514 367 600 417 sncr.
623 368 645 415 ι.
667 368 706 417 nr
733 367 857 416 rorasr.
880 366 1007 417 accurs,

558 556 766 615 ARTlCllLUS
785 557 837 614 lll.
893 607 895 611 ,

275 749 404 807 Potestas
423 749 451 804 iu
471 745 649 806 Matrlmonlt
670 744 819 804 christian!
843 744 993 804 vinculum
1018 744 1108 803 sollus

515 850 559 903 est
578 845 695 920 proprla
715 843 870 903 Ecclesiae.

213 1049 284 1120 Non
304 1047 361 1119 hic
374 1047 506 1145 agimus
521 1047 563 1119 de
576 1046 752 1131 omnibus,
773 1072 860 1145 quae
879 1046 1194 1146 quomodocumque
1210 1048 1254 1121 ad

140 1163 388 1236 matrimonium
411 1163 618 1250 reseruntur,
642 1162 702 1235 sed
725 1162 768 1235 de
787 1163 864 1260 ipso
885 1164 1017 1259 agimus
1035 1177 1165 1236 tantum
1184 1163 1258 1238 sin·

142 1277 235 1366 aulo,
258 1305 326 1379 quo
346 1280 597 1352 matrimonium
619 1278 843 1351 constituitur.
865 1278 935 1350 lam
954 1302 1035 1351 vero
1056 1293 1256 1378 potestatem

143 1394 177 1465 in
198 1393 369 1468 vinculum
391 1394 593 1468 matrimonii
615 1393 792 1467 christiani
817 1392 861 1465 ad
883 1392 991 1466 solam
1013 1393 1183 1494 pertinere
1201 1419 1257 1468 ec-

143 1510 281 1587 clesiam
300 1528 370 1584 tum
389 1538 409 1584 a
427 1511 547 1611 priori,
569 1528 638 1584 tum
652 1538 673 1584 a
686 1509 863 1610 posteriori
884 1509 983 1583 facile
1003 1508 1172 1610 probatur.

215 1627 369 1714 Etenim,
404 1627 451 1699 uti
486 1626 717 1712 ostendimus,
754 1625 1003 1698 matrimonium
1032 1623 1256 1699 christianum

142 1742 228 1815 nihil
254 1743 347 1817 aliud
370 1761 422 1817 est
450 1769 552 1843 quam
581 1757 771 1817 contractas
797 1740 960 1815 naturalis
989 1741 1032 1814 ad
1054 1741 1257 1815 sacramenti

142 1856 340 1955 dignitatem
366 1888 387 1933 a
411 1858 544 1932 Christo
571 1874 723 1943 evectas,
757 1871 815 1929 aut
844 1854 968 1929 elarius
999 1855 1131 1942 adhuc,
1155 1880 1259 1955 quam

143 1990 332 2049 contractus
353 1974 541 2072 coniugalis
560 1988 807 2047 sacramentum
825 1999 846 2045 a
862 1970 997 2045 Christo
1015 1970 1168 2045 allectus.
1184 1970 1260 2044 Vin

144 2087 256 2162 culum
282 2088 434 2189 illudque
456 2104 653 2188 perpetuum
675 2114 715 2160 ac
736 2085 973 2161 indissolubile
997 2111 1049 2158 res
1075 2101 1122 2158 eat
1146 2111 1260 2159 accro-

143 2207 246 2276 menti
251 2261 260 2290 ,
285 2204 402 2279 saltem
421 2220 519 2305 prout
537 2219 590 2276 est
608 2203 791 2303 perlectum
805 2219 838 2275 et
851 2217 1137 2287 consummatum,
1159 2216 1260 2300 atque

144 2345 190 2410 eo
210 2319 354 2417 pertinet
375 2335 412 2391 ut
434 2317 601 2415 significet
627 2315 898 2389 indissolubilem
924 2316 1032 2389 divini
1058 2314 1157 2390 Verbi
1182 2340 1259 2389 cum

144 2435 294 2509 humana
312 2451 431 2508 natura
443 2450 476 2507 et
488 2459 563 2506 cum
582 2430 725 2506 eeclesia
742 2432 913 2504 unionem.
929 2431 1017 2504 Sane
1036 2429 1168 2504 demea
1180 2455 1261 2505 con⁴

55 2626 60 2634 ⁴
145 2551 237 2647 iugio
256 2551 416 2625 rationem
437 2549 658 2635 sacramenti,
676 2564 708 2620 et
721 2547 830 2621 omnis
845 2562 902 2621 aut
918 2548 1121 2646 praecipuus
1139 2545 1259 2621 saltem

146 2663 263 2738 titulus
277 2664 510 2764 perpetuitatis
531 2664 734 2737 matrimonii
749 2664 783 2735 in
796 2662 946 2762 quolibet
962 2678 1099 2748 eventu,
1122 2661 1157 2733 in
1175 2687 1261 2761 qua·

146 2777 228 2852 libet
256 2805 366 2851 rerum
391 2778 607 2865 difficultate,
639 2779 940 2876 adiunctorumque
975 2777 1259 2875 complicatione,

145 2894 300 2969 sublatus
324 2913 388 2968 est.
418 2894 642 2991 Argumenta,
670 2920 758 2993 quae
782 2920 843 2992 pro
873 2891 1097 2966 dissolutione
1121 2892 1157 2965 in
1181 2918 1262 2968 non·

147 3006 250 3081 nullis
276 3008 413 3083 casibus
442 3026 610 3109 pugnant,
640 3035 706 3082 non
738 3008 910 3079 minimam
940 3007 1008 3080 vim
1042 3005 1187 3095 habent,
1221 3031 1262 3080 ac

146 3124 287 3224 proinde
309 3127 338 3200 si
366 3127 559 3223 coniugium
591 3142 796 3225 spectaretur
828 3124 1057 3198 tantummodo
1087 3121 1152 3197 sub
1180 3147 1263 3197 con-

148 3257 273 3314 tractus
300 3243 373 3316 sire
398 3241 562 3316 naturalis
589 3243 661 3316 sive
690 3241 799 3315 civilis
829 3241 980 3327 ratione,
1010 3265 1072 3315 sua
1100 3256 1262 3338 perpetua

148 3356 306 3429 firmitate
318 3358 566 3432 destitueretur.
585 3358 672 3431 Hinc
685 3355 908 3429 Bellarminus
927 3355 1101 3428 adstruere
1117 3378 1184 3426 non
1198 3352 1262 3426 du·

146 3469 267 3541 bitavit
283 3471 558 3547 insolubilitatem
581 3473 785 3547 matrimonii
804 3471 838 3543 in
857 3495 995 3544 causam
1016 3470 1215 3568 primariam
1232 3482 1263 3540 et

146 3589 360 3658 certissimam
386 3589 501 3661 referri
523 3616 590 3663 non
617 3617 717 3691 posse
733 3591 802 3661 cisi
820 3591 856 3660 ia
875 3589 1006 3685 signum
1027 3586 1263 3658 coniunctionis

147 3700 387 3775 indissolubilis
409 3703 536 3775 Christi
554 3731 626 3776 cum
648 3705 802 3786 ecclesio,
826 3704 862 3773 in
882 3728 983 3802 quam
1004 3727 1033 3776 s.
1050 3699 1261 3796 Augustinus

147 3845 219 3891 cam
243 3835 403 3919 perpetuo
431 3818 528 3891 refert
557 3821 644 3913 (32).
669 3818 835 3905 Quocirca
866 3819 901 3890 in
927 3815 1020 3890 nulla
1047 3813 1262 3912 legislatione

223 4017 273 4079 (aa)
290 4016 343 4066 Ltb.
364 4019 402 4067 De
423 4019 539 4068 matrim
560 4030 583 4066 c.
604 4019 645 4067 tv.
667 4017 691 4065 in
710 4029 785 4079 quam
808 4016 952 4067 nectendam
968 4026 1026 4064 oum
1039 4012 1148 4064 sanabor
1168 4010 1267 4074 precer

145 4095 172 4144 d.
182 4096 302 4145 Tnomam
322 4095 449 4159 allegasset
461 4110 481 4147 s.
495 4098 704 4159 uomrenturarn,
721 4097 882 4159 burgensem,
893 4092 1052 4156 vorandum,
1066 4091 1092 4141 d.
1102 4088 1265 4151 murnum,

145 4175 304 4237 emeterium,
322 4175 445 4228 Medicam
459 4176 569 4241 altosque
582 4175 752 4226 novemdecim
770 4176 868 4226 subdit:
887 4176 973 4226 «ltine
984 4174 1087 4225 lalertm
1096 4170 1265 4224 omnimodam

146 4251 385 4304 indissolubilttateru
396 4268 446 4305 non
457 4257 594 4319 competere
610 4254 767 4305 matrlmcnlo
784 4256 1006 4306 consummatae:
1017 4253 1071 4305 lure
1086 4252 1205 4312 natum,
1223 4247 1266 4301 scd

145 4346 174 4382 er
189 4332 279 4385 christi
295 4336 421 4399 praecepto
440 4336 545 4400 posttlro
566 4335 661 4385 dlrlno:
675 4348 739 4399 quor
751 4336 970 4387 Derrrwatuarclt
988 4333 1064 4386 barac
1080 4345 1130 4383 ectr
1143 4332 1263 4396 reparet,
