2804 5062
242 332 310 404 226
460 353 520 402 tn.
544 353 577 404 n.
600 325 687 404 sicr.
709 352 732 403 1.
754 353 793 403 ns
811 352 935 404 norror.
958 350 1083 405 rectu

239 473 489 547 matrimonium
511 473 645 546 inirent.
665 471 762 560 Quod
782 473 811 546 si
830 497 940 546 rerum
957 471 1116 546 adiuncta
1134 486 1299 568 urgeant,
1317 494 1356 545 ac

237 614 317 691 pars
337 587 525 662 acatholica
542 615 665 663 novum
683 587 843 688 praehere
867 612 1070 662 consensum
1096 584 1284 661 reluctetur
1303 611 1355 661 co·

135 738 141 748 ·
239 731 311 779 ram
337 705 485 803 parocho
510 704 692 791 catholico,
714 703 799 777 solet
815 703 1101 802 dispensationem
1119 700 1354 775 concederet'o

241 819 351 892 radice
380 821 468 914 (lh).
486 820 534 890 Ex
556 845 624 918 qua
650 818 771 916 agendi
798 817 925 892 ratione
951 831 1041 916 patet
1064 815 1171 891 veluti
1197 816 1352 914 coniugia

241 951 423 1021 attentata,
453 935 604 1036 adeoque
627 936 675 1009 uti
703 933 869 1010 invalidas
895 932 1061 1008 eiusmodi
1087 931 1230 1033 nuptias
1248 931 1354 1007 asede

242 1050 428 1150 apostolica
447 1052 602 1150 spectari,
618 1065 732 1150 utpote
749 1076 815 1124 non
833 1048 1017 1124 celebratas
1036 1049 1131 1122 iuxta
1143 1047 1290 1122 sormam
1306 1047 1353 1122 tri·

241 1165 426 1238 dentinam.
445 1167 619 1240 Praeterea
639 1166 756 1240 eadem
783 1191 852 1240 sae.
870 1189 984 1262 congr.
1001 1161 1148 1238 absoluit
1164 1188 1186 1236 a
1203 1164 1351 1239 censuris

240 1281 388 1354 incursis
407 1282 435 1354 si
461 1281 506 1354 iis
532 1280 720 1355 interfuerit
744 1280 898 1354 minister
922 1278 1151 1366 acatholicus,
1178 1294 1286 1380 atque
1306 1278 1350 1351 in·

239 1394 350 1492 iungit
376 1396 623 1469 renovationem
648 1420 835 1469 consensus
860 1420 972 1470 coram
998 1393 1148 1495 parocho
1174 1393 1346 1481 catholico,

241 1525 299 1583 aut
316 1509 468 1583 concedit
486 1511 693 1584 sanationem
706 1513 742 1582 ie
753 1509 875 1583 radice.
893 1510 985 1584 Adeo
1001 1535 1117 1584 rerum
1135 1524 1190 1584 est
1208 1524 1348 1585 sanctum

243 1623 357 1698 sedem
383 1639 555 1724 tamquam
580 1624 673 1698 nulla
698 1651 738 1698 ac
763 1625 858 1697 irrita
882 1638 1034 1724 spectare
1066 1624 1231 1723 coniugia
1255 1623 1347 1696 mixta

240 1741 276 1814 in
295 1740 414 1814 Galliis
435 1739 600 1814 celebrata
625 1741 757 1840 quoties
782 1739 947 1814 omittitur
970 1738 1078 1814 forma
1093 1764 1115 1812 a
1132 1738 1282 1815 concilio
1297 1738 1347 1812 tri·

242 1854 380 1929 dentino
405 1853 624 1955 praescripta.

317 1969 410 2056 Quae
435 1968 478 2041 de
504 1967 621 2041 Galliis
647 1967 820 2056 diximus,
848 1967 965 2042 eadem
989 1967 1033 2042 de
1056 1967 1135 2043 aliis
1162 1965 1347 2067 regionibus

243 2085 315 2157 sive
347 2082 524 2157 catholicis
552 2083 623 2157 sive
655 2083 851 2158 acatholicis
876 2082 950 2158 sive
973 2084 1088 2157 mixtis
1112 2083 1185 2158 dici
1209 2083 1345 2169 dehent,

241 2197 326 2273 adeo
347 2215 386 2272 ut
404 2197 560 2296 generale
584 2199 629 2272 sit
653 2198 874 2299 principium,
894 2199 1051 2298 coniugia
1074 2199 1148 2274 sire
1173 2198 1348 2275 haeretico·

240 2341 315 2388 rum
333 2313 406 2389 sive
424 2313 544 2401 mixta,
564 2313 623 2387 ubi
642 2312 846 2413 publicatum
865 2314 928 2388 fuit
943 2315 1113 2389 decretum
1140 2313 1347 2388 tridentinum

245 2430 389 2502 Tametsi
407 2443 441 2502 et
458 2454 526 2527 quo
543 2427 756 2502 benedictina
782 2428 975 2503 constitutio
997 2454 1057 2528 pro
1081 2426 1269 2504 Hollandia
1283 2451 1348 2528 spe

241 2543 319 2617 ciali
346 2545 475 2617 ratione
493 2543 536 2617 ab
553 2543 740 2643 apostolica
758 2544 838 2617 sede
856 2561 992 2618 extensa
1018 2571 1085 2619 non
1110 2560 1183 2634 est,
1212 2570 1290 2619 esso
1310 2542 1347 2614 ir·

243 2659 306 2732 rita
334 2685 373 2732 ac
400 2659 503 2731 nulla.
530 2659 564 2731 Si
590 2686 658 2760 qua
684 2660 729 2733 sit
758 2660 848 2733 eirca
879 2659 1035 2758 generale
1060 2660 1124 2733 hoc
1151 2659 1346 2760 principium

242 2775 410 2874 exceptio,
440 2801 513 2848 earn
533 2793 651 2875 postea
670 2802 886 2876 exponemus.

316 2890 387 2962 Hoc
410 2916 491 2964 vero
516 2892 720 2991 principium
742 2892 837 2966 novis
856 2892 1062 2965 adstruimus
1079 2891 1294 2966 documentis
1307 2913 1347 2963 ro

243 3031 418 3079 manarum
443 3007 733 3104 congregationem
760 3008 1022 3108 pontificumque
1048 3006 1239 3106 responsis.

316 3123 421 3208 Sane,
443 3124 597 3221 quamvis
623 3122 763 3197 celebris
788 3122 958 3197 Benedicti
980 3123 1063 3195 XIV.
1084 3121 1278 3196 Declaratio
1299 3143 1348 3220 pro

244 3237 425 3311 Hollandia
451 3264 506 3311 en.
538 3241 644 3311 tttt.
672 3239 715 3312 oh
744 3239 980 3312 adiunctorum
1009 3237 1188 3336 paritatem
1214 3238 1251 3311 in
1277 3236 1348 3312 elius

243 3379 377 3453 quoque
407 3355 561 3451 regiones
594 3353 791 3452 implicitam
821 3353 946 3427 hahere
970 3352 1076 3428 rideri
1103 3369 1223 3453 posset
1247 3369 1348 3428 exten·

244 3466 373 3540 sionem
400 3494 461 3567 pro
484 3468 596 3542 valore
621 3468 787 3576 eiusmodi
817 3469 1074 3565 coniugiorum,
1102 3481 1255 3542 ettamen
1281 3490 1348 3542 con·

244 3583 382 3681 tracium
408 3599 540 3657 constat
564 3610 604 3656 ex
632 3583 870 3683 responsione,
899 3610 987 3683 quae
1017 3610 1106 3658 anno
1137 3581 1348 3685 insequenti,

243 3698 373 3771 scilicet
391 3700 498 3770 lllh.
521 3699 607 3772 lacta
623 3715 675 3771 cst
691 3725 713 3771 a
730 3699 988 3797 congregatione
1013 3698 1148 3773 concilii
1169 3699 1238 3774 sub
1255 3695 1350 3776 oculit

244 3829 277 3886 et
307 3813 549 3914 approbatione
574 3813 742 3887 Benedicti
772 3815 854 3886 xlv.
885 3815 1007 3913 ipsius.
1037 3812 1214 3913 Siquidem
1246 3814 1351 3889 Ulmte

244 3927 278 3998 in
310 3927 456 4002 dioecesi
491 3929 733 4003 constantiensi
766 3928 905 4029 quidem
929 3929 1062 4003 Marcus
1091 3927 1349 4032 Christophorut

316 4147 366 4210 (to)
382 4150 417 4198 Ex
428 4148 474 4198 hac
485 4162 535 4200 suc.
548 4151 742 4214 congregationis
751 4151 821 4215 praxi
831 4151 909 4214 magis
917 4150 1076 4203 confirmatur
1085 4152 1154 4216 quod
1165 4155 1240 4206 antea
1245 4153 1350 4210 dixin*

245 4226 276 4276 od
292 4228 443 4278 sanationem
454 4231 625 4294 coniugiorum
637 4232 662 4281 in
673 4231 755 4284 radice
768 4246 830 4297 opus
840 4232 968 4283 hendecas
982 4233 1147 4287 renotationis
1156 4246 1302 4300 conamus,
1312 4232 1352 4283 'tut

241 4309 266 4358 et
275 4307 418 4362 obluctante
428 4310 545 4363 alterutra
558 4313 641 4376 parte,
651 4325 722 4376 posse
731 4313 874 4377 coniugium
888 4313 978 4364 sanarh
