2804 5062
483 527 648 589 (inm
670 529 750 588 m.

287 732 328 784 fi!
352 731 520 784 numitius
544 733 719 785 Pomm!
743 731 948 784 mutuitanti

222 848 257 901 itt
281 848 505 901 mentumis
530 848 750 901 nimitum!
775 848 1008 903 utuimtttiit.

490 1046 698 1104 ARTfCULUS
716 1045 740 1103 Ι.

73 1201 216 1263 Rormnus
234 1199 370 1261 Pontifex
385 1216 439 1279 pro
456 1215 593 1277 supreme
610 1216 669 1277 que
681 1200 769 1277 pollet
787 1201 958 1263 autoritate
976 1202 1007 1262 in
1021 1199 1168 1283 Maia,

112 1298 282 1376 &ponem
300 1300 438 1376 potestis
454 1297 656 1360 eeclesiastieis
669 1297 883 1376 impedimentis
895 1298 1115 1364 Matrimonium
1126 1301 1172 1364 ui·

116 1395 301 1457 timentibus.

126 1561 243 1635 ifireri
270 1586 368 1635 nemo
390 1560 491 1636 debet
509 1561 539 1636 si
557 1560 764 1636 adstruimus
784 1588 921 1637 romaum
939 1564 1087 1665 pontifici
1111 1591 1170 1667 po·

66 1692 207 1751 testatem
236 1675 408 1751 relaxandi
434 1677 671 1777 impedimenta
692 1677 902 1766 dirimentis,
930 1681 993 1754 etsi
1018 1680 1171 1755 tridenti·

66 1820 133 1865 num
150 1791 337 1867 ooucifium
355 1791 518 1865 ecelesiae
536 1791 763 1893 potiusquam
778 1792 906 1865 mmeni
924 1793 1091 1893 pontificis
1109 1819 1170 1868 no-

64 1907 143 1981 mine
166 1920 302 1994 utatur,
330 1905 410 1980 dum
436 1906 505 2004 agit
529 1907 572 1979 de
597 1905 790 1980 huiusmodi
822 1921 983 2005 potestate
1004 1910 1067 2004 (1).
1086 1909 1170 1983 Num

63 2022 235 2096 monilium
250 2049 312 2123 per
324 2021 500 2096 eeclesiam
515 2048 573 2097 eos
587 2021 756 2119 significat
768 2021 825 2121 qui
838 2022 1013 2096 eeclesiam
1031 2038 1166 2123 regunt,

62 2137 88 2209 in
109 2161 260 2238 eumque
282 2151 479 2236 potestatem
506 2137 650 2224 hebent,
673 2135 756 2210 tales
781 2162 860 2211 uero
879 2153 958 2211 sunt
980 2164 1063 2211 rom.
1085 2164 1171 2238 pou·

62 2253 130 2327 tifex
148 2270 183 2329 et
201 2253 384 2328 concilium
401 2254 672 2342 oecumenicum,
693 2253 773 2353 quie
797 2253 832 2325 iu
858 2253 902 2328 iis
924 2272 975 2329 est
999 2252 1092 2328 illins
1108 2279 1171 2354 po-

60 2371 182 2443 testatis
201 2367 392 2469 plenitudo.
419 2367 516 2455 Quod
540 2368 644 2467 igitur
660 2384 829 2468 praestare
850 2383 959 2468 potest
975 2393 1015 2441 eo
1036 2367 1170 2445 efficere

59 2484 217 2572 eeclesia,
248 2483 283 2555 id
316 2483 427 2583 ipsum
454 2497 561 2585 potest
586 2499 655 2555 tum
682 2483 931 2557 oecumenicum
963 2483 1166 2575 concilium,

60 2613 117 2672 ium
140 2624 302 2674 mmmus
320 2597 479 2696 pontifex.
502 2597 678 2673 Probotum
698 2614 809 2672 eutem
828 2597 984 2698 superius
1001 2614 1053 2672 est
1069 2623 1171 2700 posse

60 2714 232 2789 molosiam
246 2713 487 2814 impedimenta
500 2714 692 2786 dirimentis
707 2716 932 2801 constituere3
954 2739 1033 2812 ergo
1050 2716 1168 2789 eedem

59 2828 297 2929 impedimenta
320 2842 430 2928 potest
450 2826 593 2902 ecclesie
622 2827 790 2914 relaxare3
818 2827 971 2928 adeoque
996 2828 1031 2900 id
1056 2829 1168 2930 ipsum

59 2959 160 3042 potest
184 2959 259 3018 tum
288 2943 539 3017 oecumenicum
564 2943 766 3030 concilium,
792 2958 863 3016 tum
886 2968 968 3016 rom.
995 2943 1165 3043 pontifex,

58 3059 108 3158 qui
133 3083 300 3160 supreme
324 3058 358 3130 in
385 3056 528 3133 euefesia
555 3073 718 3159 potestate
746 3058 879 3131 fruitur.
912 3059 990 3132 ideo
1015 3082 1094 3131 uero
1125 3057 1169 3133 de

61 3173 123 3249 sofo
148 3198 294 3247 mmeuo
311 3171 469 3273 pontifice
496 3172 690 3271 singillatim
716 3196 878 3270 egemus,
906 3172 985 3271 quia
1009 3196 1085 3245 oum
1111 3172 1169 3246 hio

61 3313 162 3362 memo
188 3289 235 3361 sit
264 3288 307 3360 de
335 3287 491 3361 exercitio
516 3287 585 3384 iugi
613 3287 814 3386 potestatis,
848 3311 958 3386 neque
988 3285 1166 3360 eonsilium

61 3403 307 3477 oecumenicum
325 3402 433 3501 possit
449 3428 525 3477 esse
537 3426 756 3501 permanens,
774 3402 815 3473 ed
829 3401 1029 3474 removenda
1042 3402 1167 3476 consti·

63 3531 121 3590 tuta
145 3515 392 3616 impedimenta
413 3541 488 3589 cum
505 3544 592 3616 opus
614 3517 732 3603 fuerit,
761 3515 852 3595 nulle
873 3533 944 3590 eret
961 3517 1044 3591 ratio
1061 3543 1167 3618 quare

64 3629 99 3705 de
116 3659 159 3707 eo
185 3632 444 3706 dissereremus.

128 3749 219 3821 uum
247 3765 357 3822 eutem
379 3773 462 3821 rom.
491 3749 639 3847 pontifici
665 3748 848 3822 asserimus
875 3749 1040 3823 eiusmodi
1073 3763 1168 3846 pote-

65 3877 173 3936 statem
195 3888 259 3961 pro
283 3888 435 3961 saprerren
458 3864 526 3937 eius
552 3864 588 3935 in
612 3863 745 3937 ecelesia
769 3865 977 3946 anctoritate,
1004 3862 1068 3935 hoo
1089 3862 1166 3961 ipso

66 3972 164 4075 liquet
189 4003 252 4051 nos
276 3976 366 4052 haue
389 3977 438 4050 ilfi
460 3993 655 4076 potestatem
672 3977 844 4052 vindicare
861 3978 896 4050 iu
914 4002 1035 4064 seusu,
1055 3992 1092 4050 ut
1107 4002 1167 4052 to·

66 4109 149 4181 tant,
171 4092 357 4180 euolosioo,
384 4118 472 4194 quae
495 4093 623 4168 scilieet
645 4094 768 4167 nemini
797 4093 855 4168 elii
884 4095 1056 4194 praetereo
1079 4084 1167 4168 eom·

68 4209 166 4284 munis
182 4211 247 4297 sit,
269 4224 369 4308 prout
384 4208 509 4284 nemini
532 4208 589 4284 olii
616 4208 800 4284 eommunis
823 4224 877 4283 est
896 4233 1055 4309 suprema
1072 4224 1165 4310 pote·

123 4362 156 4425 (i)
170 4365 238 4416 Set.
251 4363 340 4416 xxiv.
352 4374 406 4414 cun.
426 4364 469 4415 111.

1055 4440 1086 4511 .*
