2828 5054
247 333 316 407 tta
438 354 502 407 uu.
521 354 558 407 rr.
577 352 665 407 socr.
685 352 816 405 aarum.
835 353 878 405 ur
901 352 1028 405 rorrsr.
1047 352 1159 407 orror.

243 473 292 547 ita
315 496 355 546 se
379 494 434 549 ms
460 470 604 560 hahuit,
631 497 698 548 non
722 488 835 545 umen
859 471 945 546 iure.
968 470 1053 558 Quis
1078 470 1171 545 euim
1193 470 1291 547 dicat
1305 498 1354 548 sa·

243 587 396 665 cerdotes
421 587 587 663 idolorum
613 587 752 663 lunonis
776 603 860 688 puta
884 611 926 662 ac
943 585 1081 661 Veneris
1102 603 1355 689 ceterorumque

240 704 382 779 deorum
402 729 490 804 quos
508 729 642 803 pagana
662 701 858 803 superstitio
881 701 1088 778 matrimonii
1112 701 1288 777 sanctitati
1304 729 1356 779 so·

243 816 474 919 hortatique
497 818 684 920 praefecit,
718 817 868 919 aliquam
899 817 934 893 in
965 818 1221 894 matrimonium
1248 818 1355 919 ipsum

243 951 439 1037 potestatem
456 935 639 1033 legitimam
657 934 842 1013 hahuisse?
852 936 1007 1010 Attamen
1022 934 1232 1010 universalis
1247 935 1355 1035 praxis

243 1051 279 1125 in
304 1051 463 1126 societate
487 1074 640 1150 pagana,
661 1067 699 1124 ut
719 1076 878 1150 suprema
903 1047 1163 1125 matrimonialis
1188 1047 1353 1148 legislatio

242 1166 287 1243 ud
307 1165 532 1241 sacerdotium
554 1166 750 1266 pertineret,
771 1166 944 1268 antiquam
961 1182 994 1241 et
1010 1164 1278 1267 patriarchalem
1295 1164 1355 1239 hac

242 1280 288 1355 dc
303 1307 341 1357 re
355 1279 569 1357 traditionem
594 1281 812 1384 cedrumque
837 1282 891 1359 ius
915 1307 1032 1357 sacrae
1053 1281 1269 1357 auctoritatis
1284 1307 1356 1357 oon

243 1396 365 1471 firmat.
383 1396 480 1484 Quod
499 1397 528 1471 si
548 1397 585 1471 in
602 1398 762 1473 societate
776 1422 909 1499 pagana
932 1396 1055 1471 lalsum
1078 1423 1121 1473 ac
1143 1395 1353 1495 illegitimum

243 1510 467 1588 sacerdotium
489 1512 544 1588 ius
565 1511 694 1588 nullum
713 1512 880 1587 hahuitin
891 1509 1140 1586 matrimoniale
1158 1508 1349 1595 vinculum,

242 1654 324 1701 oum
348 1626 466 1703 'eodem
489 1627 594 1729 potita
613 1643 665 1704 est
689 1627 799 1704 cirilis
823 1624 1031 1703 auctoritas?
1047 1625 1202 1700 Praeticc
1218 1622 1352 1726 quidem

241 1742 415 1845 principes
438 1744 651 1845 potissimum
669 1759 708 1818 ut
728 1744 904 1845 pontifices
929 1769 992 1818 seu
1014 1740 1212 1817 acerdotes
1236 1738 1352 1814 summi

242 1884 340 1935 sacra
363 1857 430 1935 sihi
452 1858 527 1933 iura
551 1857 699 1935 tribuere
722 1871 921 1959 potuerunt,
949 1874 985 1932 at
1007 1882 1048 1931 er
1068 1852 1171 1931 dietis
1191 1870 1284 1954 patet
1299 1879 1353 1927 eos

242 1999 353 2074 neque
369 1989 407 2047 ut
423 1971 613 2047 sacerdotes
635 1972 796 2048 salcanum
819 1971 1039 2071 religionum,
1056 1994 1170 2071 nequa
1186 1983 1226 2043 ut
1241 1965 1353 2042 civiles

241 2088 413 2189 principes
430 2088 660 2176 sanctitatem,
680 2087 956 2188 honestatemque
971 2083 1096 2161 vinculi
1113 2082 1283 2183 attingere
1297 2109 1354 2183 po-

241 2203 360 2279 uisse.
385 2204 503 2303 Itaque
523 2203 559 2277 in
584 2202 743 2277 societate
760 2227 894 2302 pagana
914 2199 1156 2300 impedimenta
1176 2224 1258 2275 rere
1273 2196 1353 2272 diri·

242 2319 368 2394 mentia
392 2344 455 2395 nec
478 2344 575 2393 sacra
599 2344 660 2394 seu
683 2316 942 2418 superstitiosa,
970 2341 1032 2393 nec
1061 2313 1174 2391 civilis
1208 2330 1353 2416 potestas

239 2434 442 2511 constituere
465 2434 585 2534 potuit.

313 2549 375 2625 het
398 2550 429 2624 si
454 2551 501 2624 ita
525 2566 642 2638 esset,
673 2565 828 2648 rogerum
858 2547 1062 2636 adversarii,
1093 2546 1129 2619 in
1152 2546 1353 2645 gravissima

240 2665 464 2740 incideremus
491 2665 721 2754 incommoda;
743 2665 807 2741 hac
824 2665 913 2739 enim
936 2665 972 2738 in
991 2662 1175 2764 hypothesi
1202 2659 1352 2735 infideles

240 2780 331 2853 omni
358 2807 496 2879 prorsus
521 2781 670 2854 destituti
687 2781 832 2855 luissent
849 2797 949 2881 atque
966 2778 1068 2852 hodie
1088 2778 1172 2850 dum
1195 2776 1353 2853 destitue-

240 2911 354 2968 rentur
374 2896 570 2970 auctoritate
595 2895 752 2995 publica,
780 2922 868 2997 quae
894 2895 1049 2969 deliniret
1074 2893 1196 2968 saltem
1217 2889 1352 2993 impedi·

238 3026 351 3084 menta
369 3011 444 3110 ipsa
462 3012 649 3100 naturalia,
670 3027 770 3112 atque
788 3011 913 3086 idcirco
932 3009 1178 3110 periclitaretur
1194 3007 1350 3083 honestas

239 3124 394 3226 publica,
411 3125 577 3225 potuisset
588 3152 628 3200 ac
643 3142 757 3225 posset
769 3124 939 3225 quispiam
952 3149 1013 3224 pro
1025 3121 1130 3198 luhito
1148 3121 1217 3195 sihi
1236 3147 1350 3222 quam·

238 3265 383 3340 cumque
407 3241 442 3313 in
470 3242 645 3339 coniugem
671 3240 829 3342 copulare
855 3239 948 3338 gravi
974 3265 1104 3314 morum
1130 3265 1172 3314 ac
1198 3236 1350 3338 publicae

238 3354 424 3430 honestatis
448 3356 592 3444 iactura;
619 3357 693 3430 sinc
717 3355 900 3430 directione
921 3354 1057 3430 omnino
1077 3353 1226 3426 luissent
1242 3378 1283 3426 ac
1299 3376 1350 3425 es·

237 3486 315 3545 sent
335 3471 371 3542 in
392 3472 525 3569 negotio
546 3471 695 3546 omnium
720 3471 864 3545 maximo
889 3495 930 3542 ex
951 3495 1018 3570 quo
1035 3467 1136 3541 ctiam
1155 3466 1296 3569 publica
1312 3489 1349 3538 ao

237 3585 369 3685 privata
382 3585 523 3660 felicitas
538 3587 675 3687 pendet;
688 3613 775 3686 quae
787 3585 924 3687 quidem
939 3582 1349 3660 omniavidenturahsona

237 3715 338 3800 atque
359 3726 380 3772 a
400 3702 568 3774 communi
587 3701 661 3803 ipso
679 3727 783 3775 sensu
803 3700 927 3774 aliena.
948 3700 1035 3772 Sane
1055 3724 1206 3799 quanam
1227 3696 1297 3769 alia
1311 3695 1349 3768 dc

237 3839 341 3888 causa
360 3834 515 3918 corrupta
526 3833 579 3891 est
591 3834 699 3891 aetate
713 3816 874 3891 noachica
887 3815 1045 3890 universa
1058 3828 1165 3902 terra,
1187 3811 1254 3886 nisi
1273 3811 1349 3913 quia

237 3927 368 4005 delectu
393 3931 477 4031 legis
507 3933 672 4032 positivae
696 3932 850 4006 homines
878 3945 1112 4032 «acceperunt
1134 3929 1204 4004 sihi
1229 3952 1348 4003 uxores

235 4068 277 4119 ex
297 4047 454 4122 omnihus
478 4075 564 4148 quas
590 4048 758 4147 elegerant
774 4045 892 4146 (lhflr

309 4283 361 4348 (25)
375 4287 462 4339 Gener.
479 4291 521 4340 vt.
535 4298 559 4343 2.-
