2804 5062
116 410 830 464 euru-osnru.essnur.1ur.ssvsucou
845 412 1068 464 cxrnmru.
1113 392 1181 466 til

71 531 240 606 eiusmodi
258 530 537 619 resolutionibus,
558 532 634 605 lieet
651 531 886 606 contrahentes
904 534 1048 607 alieuius
1072 551 1187 609 essent

71 648 219 746 regionis
246 647 282 719 in
307 671 375 747 qua
400 646 616 721 tridentinum
643 673 709 720 non
735 649 835 746 viget.

145 763 412 863 Quapropterea
425 764 582 862 coniugia
604 789 691 863 quae
713 765 785 838 siue
804 766 944 850 Romae,
962 766 1033 838 sive
1056 765 1186 839 Floren-

69 879 134 952 tiae
159 878 234 952 sive
257 877 427 976 Augustae
444 880 664 953 Taurinorum
690 896 748 953 aut
772 880 852 952 alibi
871 881 906 952 in
926 880 1022 953 ltalia
1039 908 1060 953 a
1077 896 1186 981 prote·

69 993 241 1068 stantibus
266 993 440 1081 inter-se,
473 1010 530 1067 aut
561 1020 581 1068 a
611 995 873 1095 protestantibus
905 1022 981 1069 cum
1009 996 1185 1070 catholicis

67 1110 227 1182 ineuntur
252 1125 311 1182 aut
335 1134 447 1184 eorem
472 1109 545 1184 solo
571 1111 789 1208 magistratu,
819 1127 877 1184 aut
907 1111 979 1184 solo
1009 1127 1185 1211 praesente

66 1223 238 1297 haeretico
263 1223 441 1311 ministro,
463 1224 556 1298 nulla
580 1226 716 1299 omnino
739 1240 818 1299 sunt
833 1227 915 1301 vitio
932 1227 1186 1301 clandestinita-

66 1339 108 1412 tis
130 1341 247 1436 (174).

138 1451 248 1551 ldque
272 1453 404 1527 etiamsi
429 1454 586 1528 ineantur
610 1455 644 1527 in
672 1456 805 1529 sacellis
832 1481 871 1530 ac
897 1456 1055 1530 domibus
1077 1484 1186 1531 exem-

67 1568 133 1667 ptis
160 1568 247 1665 regii
273 1567 420 1641 ministri
445 1569 624 1642 acatholici
643 1570 677 1640 in
696 1569 779 1643 locis
804 1570 863 1642 ubi
888 1571 978 1667 viget
1003 1571 1184 1646 tridentina

65 1681 129 1756 lex.
152 1681 262 1756 Cuius
287 1685 487 1759 assertionis
510 1685 630 1758 vadem
661 1685 781 1759 damus
812 1686 1070 1773 resolutionem,
1097 1713 1185 1786 quae

67 1798 197 1872 emissa
223 1814 276 1871 est
293 1825 313 1871 a
331 1825 491 1899 suprema
511 1825 667 1901 congreg.
693 1827 741 1874 ss.
763 1800 994 1900 inquisitionis
1021 1801 1056 1871 in
1083 1826 1185 1874 causa

66 1912 246 1987 cuiusdam
264 1912 423 2014 Aloysiao
439 1915 564 1988 llariae
581 1916 620 1987 N.
638 1916 694 2003 N.,
714 1940 802 2014 quae
826 1929 899 1988 orta
923 1915 958 1985 in
978 1913 1098 2012 Anglia
1115 1942 1184 1989 una

65 2053 141 2101 cum
167 2027 301 2102 familia
325 2055 389 2103 sun
413 2031 515 2102 exilio
540 2030 620 2103 inde
644 2030 786 2129 expulsa
801 2030 894 2103 venit
911 2030 1074 2103 Lutetiam
1096 2031 1184 2102 Pari-

67 2144 210 2218 siorum,
251 2143 342 2217 llaec
378 2171 454 2218 eum
491 2147 629 2219 Romam
660 2146 810 2219 venisset
845 2172 900 2218 an.
938 2148 1044 2217 1832.
1079 2146 1186 2220 eiura-

66 2258 115 2331 xit
150 2261 283 2332 errores
321 2275 432 2332 sectae
462 2261 677 2359 protestantis
708 2262 741 2334 io
773 2287 841 2360 qua
874 2278 947 2334 orta
979 2276 1012 2333 et
1043 2260 1184 2334 educata

66 2390 157 2461 erat,
187 2374 352 2474 petiitque
374 2374 568 2448 'lacdtatem
595 2375 815 2448 contrahendi
839 2375 887 2446 ibi
916 2375 1178 2449 matrimonium.

67 2487 353 2588 Quandoquidem
371 2505 481 2562 autem
509 2491 545 2561 in
574 2490 733 2563 instantia
759 2517 821 2563 sua
846 2507 1045 2591 exposuerat
1070 2517 1107 2563 se
1128 2489 1184 2564 die

66 2603 125 2674 tt.
144 2601 224 2675 lulii
249 2629 306 2676 an.
336 2604 445 2674 1822,
473 2604 683 2677 contraxisse
708 2604 956 2677 matrimonium
982 2604 1081 2678 civile
1105 2630 1182 2678 eum

61 2716 154 2815 gallo
181 2717 345 2792 catholico
375 2718 501 2792 Frider.
533 2720 572 2789 N.
604 2720 643 2789 N.
674 2745 785 2792 coram
816 2719 1033 2815 magistratu,
1063 2745 1102 2792 ao
1128 2718 1184 2792 die

64 2832 288 2932 insequenti,
329 2859 450 2933 nempe
486 2834 543 2906 28.
578 2833 677 2918 lulii,
714 2835 907 2931 coniugium
938 2835 1057 2906 iterum
1096 2834 1183 2908 cele-

64 2946 187 3021 brasse
204 2947 239 3019 in
256 2947 356 3022 domo
375 2949 457 3046 regii
476 2949 617 3022 oratoris
638 2949 821 3021 Britannici
841 2949 981 3022 Parisiis
1003 2949 1095 3021 iuxta
1120 2949 1183 3022 lor

64 3087 157 3135 mam
183 3062 347 3136 eeclesiae
372 3062 571 3160 anglicanae
595 3088 707 3136 coram
732 3062 908 3162 capellano
934 3062 1057 3158 anglici
1083 3061 1183 3134 mini-

66 3177 159 3263 stri,
198 3203 345 3276 expensa
374 3176 437 3249 luit
467 3178 621 3275 quaestio
655 3177 744 3249 eirca
777 3175 983 3249 validitatem
1014 3174 1181 3249 eiusmodi

63 3291 214 3388 coniugii
226 3292 262 3363 in
274 3307 455 3365 memorata
473 3317 631 3390 suprema
645 3317 674 3364 s.
684 3291 742 3364 oft.
753 3291 1024 3387 congregatione,
1037 3315 1077 3361 eo
1090 3290 1181 3388 quod

64 3406 180 3480 adhuc
206 3406 242 3478 in
265 3406 353 3480 viris
379 3422 493 3504 ageret
516 3408 556 3478 N.
578 3409 618 3477 N.
650 3408 728 3479 Post
757 3406 952 3506 desumptas
979 3405 1182 3479 informatio-

67 3548 150 3611 nes,
170 3521 255 3594 lerie
274 3523 327 3594 lV.
349 3523 408 3593 ll.
431 3523 526 3595 llart.
551 3523 658 3593 1832.
688 3520 856 3594 decretum
882 3536 952 3594 est:
984 3519 1105 3591 «Nihil
1122 3520 1182 3594 ob-

67 3654 178 3725 stare,
201 3639 382 3736 quominus
408 3637 533 3709 oratrix
562 3636 699 3736 Aloysia
723 3636 828 3708 llario
852 3638 891 3708 N.
914 3636 953 3706 N.
987 3636 1182 3708 admittatur

62 3752 106 3824 ad
134 3753 359 3824 iuramentum
385 3750 667 3851 suppletorium.»
697 3750 793 3837 Quod
821 3749 959 3850 perinde
985 3766 1035 3821 est
1058 3775 1098 3821 ae
1122 3749 1182 3822 de-

63 3867 196 3942 clarare
221 3866 407 3940 invalidum
432 3866 626 3962 coniugium
653 3866 696 3938 ab
720 3868 746 3936 N
754 3925 760 3936 .
783 3868 822 3937 N.
848 3867 966 3938 initum
984 3891 1060 3937 eum
1079 3866 1119 3935 N.
1136 3867 1176 3936 N,

135 4123 204 4188 (tte)
220 4121 317 4173 tdelreo
332 4121 612 4174 matrimoniumttomee
623 4123 768 4173 attentatum
778 4121 810 4172 ab
819 4121 930 4185 apostata
937 4121 1074 4186 Hyacinthe
1081 4121 1180 4186 sueto,

61 4205 136 4254 cuins
146 4201 306 4255 minimus
316 4203 342 4252 tn
353 4216 394 4266 op.
405 4202 434 4253 It
445 4203 674 4266 protestantestmo
684 4214 698 4252 e
709 4201 738 4252 to
749 4201 839 4266 rapoto
850 4199 947 4262 dtsedo
956 4214 1008 4266 par.
1019 4202 1064 4252 111.
1075 4204 1178 4266 capvt.

67 4285 92 4334 in
103 4285 173 4346 nota,
184 4296 235 4332 non
247 4281 322 4332 modo
335 4283 431 4332 nullum
447 4281 494 4331 tuit
503 4281 535 4331 ob
544 4281 718 4344 impedimenta
734 4281 850 4333 canonica
866 4280 966 4333 ordtutr
977 4282 1003 4333 et
1016 4283 1084 4342 vett,
1096 4295 1180 4332 verum

61 4363 137 4414 aim
153 4361 188 4414 ob
203 4359 410 4427 impedimentum
424 4359 656 4414 emuttnttctte.
