2804 5062
192 390 1145 448 mr.11.nerotns.r1ttnc.nn.c1n.nurn.cnn1sr.n1tr.111.
1177 374 1244 447 llll

208 511 357 615 Alterum
382 512 473 612 quod
495 511 593 587 nobis
619 539 639 585 a
660 514 775 588 Nostin
799 513 956 588 obiicitur
976 515 1101 590 lactum
1119 533 1172 590 est
1188 519 1248 591 Ln-

136 629 247 731 dorici
273 654 484 735 romanorum
510 628 720 730 imperatoris
731 631 817 730 ‚·qni
838 648 1016 731 postquam
1041 621 1246 707 contraclnm

137 745 225 820 inter
248 744 406 818 loannem
430 742 520 841 regis
545 744 723 818 llohemiae
748 745 855 818 lilium
883 729 1062 846 perpetuae
1087 748 1248 848 impoten-

135 861 203 936 tiae
226 860 433 934 laborantem
460 858 718 959 impedimento,
738 876 772 934 et
788 861 1029 959 Margaretham
1051 863 1248 939 Kariathiac

134 976 306 1053 dominam
331 974 580 1050 matrimonium
606 975 778 1078 dissoluit,
803 978 1031 1075 Margaretlrae
1056 979 1247 1056 facultatem

134 1091 249 1179 (ledit,
277 1106 315 1164 ut
338 1089 505 1165 ludovico
530 1090 688 1165 ludovici
722 1091 934 1191 imperatoris
964 1092 1035 1167 lilio
1063 1093 1245 1169 llarohioni

134 1207 425 1307 Braudebt'r'rgensi
452 1207 652 1282 consobrino
674 1235 735 1283 suo
755 1209 907 1283 nuberet.
928 1210 967 1282 ln
985 1211 1083 1284 cuius
1105 1213 1152 1284 rai
1170 1239 1248 1312 pro-

133 1322 490 1424 bationem-prolixam
513 1323 688 1397 formulam
713 1324 865 1399 eiusdem
891 1325 989 1400 allent
1013 1328 1244 1427 imperatoris,

133 1442 251 1542 utpote
275 1444 362 1539 qnae
387 1438 430 1511 ad
455 1439 598 1512 instituti
633 1440 758 1528 nostri,
791 1441 924 1541 inquit,
958 1446 1120 1517 rationem
1147 1446 1248 1544 perti-

135 1571 192 1631 net
213 1557 326 1651 (110).
354 1554 454 1627 Porro
479 1554 515 1625 in
540 1552 605 1627 hac
629 1553 772 1628 lormula
796 1557 921 1630 mentio
947 1557 984 1629 fit
1009 1573 1079 1630 tum
1105 1559 1248 1658 impedi-

133 1676 321 1745 mentorum
346 1668 593 1758 dirimentium,
618 1697 706 1771 qnae
731 1672 925 1746 auctoritate
949 1672 1040 1746 civili
1066 1675 1247 1748 constituta

134 1801 233 1874 snut,
253 1798 323 1858 tum
342 1785 461 1860 venian
480 1794 586 1884 'quarn
613 1785 809 1887 suppliciter
827 1788 968 1862 loannes
985 1805 1018 1862 et
1035 1791 1244 1887 Margaretha

132 1904 177 1979 ab
203 1904 407 1978 auctoritate
424 1903 589 2003 imperiali
620 1905 802 2004 petierunt;
824 1922 892 1977 tum
912 1904 1124 1980 relaxationis
1143 1933 1245 2007 quam

132 2020 248 2121 reipsa
273 2019 461 2095 ludovicus
486 2021 682 2094 auctoritate
701 2021 834 2121 propria
851 2022 1028 2096 concessit.
1047 2025 1126 2096 Post
1143 2048 1241 2124 quae,

132 2136 185 2210 sic
209 2135 297 2208 elato
322 2134 502 2235 supercilio
528 2135 683 2209 lectorem
702 2162 800 2208 suum
818 2137 951 2210 Nostius
973 2137 1161 2237 compellat.
1184 2140 1247 2212 Po·

131 2249 240 2328 tuitne
264 2252 446 2351 imperator
470 2250 688 2352 explicatius,
712 2250 886 2328 nervosius
911 2279 951 2327 nc
976 2254 1245 2351 magnificentius

131 2366 259 2471 loqui?
281 2368 330 2439 Ex
357 2365 632 2466 locupletissimis
657 2365 760 2464 igitur
788 2367 952 2441 rationum
978 2367 1176 2457 momentis,
1205 2393 1245 2441 ac

131 2482 323 2559 certissima
356 2482 519 2557 factorum
545 2481 632 2556 serie
657 2481 853 2580 intelligitur
877 2508 1034 2583 suprema
1069 2509 1183 2581 regum
1210 2484 1244 2554 in

131 2598 348 2677 concedenda
379 2599 577 2673 iniustorum
610 2598 800 2699 nuptiarum
830 2599 952 2687 venia,
982 2615 1143 2700 potestas,
1173 2601 1244 2673 Non

132 2715 236 2817 igitur
260 2716 442 2804 ecclesiae,
465 2742 532 2789 non
551 2741 634 2788 rom.
652 2715 872 2814 pontificum,
901 2742 967 2790 nou
992 2715 1240 2817 episcoporum,

132 2831 196 2909 sed
220 2830 410 2934 principum
437 2857 620 2932 regumque
636 2847 688 2905 est
705 2831 934 2906 dirimentium
960 2830 1174 2905 matrimonia
1197 2831 1245 2905 le-

131 2974 213 3049 gum
239 2947 466 3023 auctoritatem
492 2947 679 3034 remittere,
710 2964 945 3048 exoratamque
972 2947 1007 3019 in
1032 2947 1143 3021 vetitis
1165 2973 1244 3022 oon-

132 3063 217 3161 iugii
245 3061 405 3162 gradibus
430 3062 563 3135 veniam
589 3061 758 3135 tribuere:
788 3088 827 3135 ec
855 3088 994 3160 prorsus
1024 3062 1148 3149 modo,
1177 3087 1244 3161 quo

129 3179 328 3252 dirimentes
361 3178 608 3253 matrimonium
645 3176 736 3274 leges
769 3177 912 3250 condere
944 3177 988 3249 ad
1023 3176 1239 3276 principem,

131 3302 202 3389 non
218 3292 262 3367 ad
285 3293 462 3372 ecclesiam
480 3318 519 3366 ac
536 3291 713 3393 pontifices
735 3291 900 3392 pertinere
925 3290 1239 3364 demonstravimus.

131 3408 305 3484 Hactenus
323 3406 391 3482 ille.

205 3524 324 3597 Verum
343 3548 410 3596 non
432 3523 576 3609 adiecit,
591 3522 681 3622 quod
699 3521 843 3594 maxime
856 3521 1030 3607 intererat,
1048 3544 1168 3619 nempe
1179 3521 1244 3592 Lu·

129 3638 290 3715 donicum
303 3636 395 3713 hunc
409 3637 514 3712 luisse
527 3637 730 3711 Ludovicum
743 3637 923 3724 Bavarum,
940 3634 1068 3709 scilicet
1082 3633 1243 3709 schisma·

131 3755 257 3843 ticum,
285 3755 382 3828 cuius
408 3750 554 3851 theologi
575 3752 707 3826 luerunt
725 3753 865 3825 loannes
884 3777 904 3824 a
921 3750 1074 3824 lauduno
1098 3766 1131 3822 et
1156 3751 1243 3822 llar-

130 3871 231 3949 silius
261 3871 441 3947 Patavinus
475 3870 624 3944 damnati
655 3896 675 3944 a
705 3897 793 3945 rom.
822 3868 1038 3970 pontificibus
1071 3883 1242 3967 tamquam

205 4114 278 4187 (111),
288 4113 359 4174 Quod
373 4114 395 4165 el
410 4112 510 4165 difficile
525 4126 573 4163 non
589 4112 649 4176 lull;
662 4125 718 4163 nam
728 4112 846 4177 integrum
860 4126 913 4163 earn
931 4111 1060 4163 formulam
1076 4111 1166 4175 reperit
1178 4111 1242 4174 apud

130 4196 271 4248 unnolum
284 4195 311 4245 ln
322 4194 364 4245 clt
376 4208 417 4258 op.
428 4196 491 4258 part.
503 4196 545 4244 111.
557 4196 603 4244 nrt.
616 4196 636 4244 1.
648 4206 702 4259 cap.
715 4195 757 4243 111.
768 4207 823 4257 pag.
836 4200 878 4244 eut
891 4207 960 4258 seqq.
972 4195 1007 4244 Ne
1021 4195 1102 4243 umen
1118 4191 1242 4243 videretur

129 4291 161 4328 ex
173 4276 237 4327 adeo
248 4276 345 4339 impuro
357 4275 423 4325 sonte
433 4288 459 4325 se
469 4274 565 4324 haurire
580 4287 624 4323 sna
639 4274 699 4322 haec
714 4273 859 4324 docnmenla
873 4274 897 4324 ol
910 4275 1063 4346 argnmenta,
1073 4272 1144 4322 cavet
1156 4270 1241 4320 sedulo

130 4354 244 4417 nmina,
262 4368 293 4406 oe
316 4368 426 4419 unqnarn
444 4355 580 4406 launolnnr
596 4355 713 4405 nominet.
