2804 5062
188 390 746 445 crr.s1.nsmra.nrronr.rur.sr
760 394 1133 448 concordissimo.
1181 380 1247 448 229

143 513 227 584 arole
248 511 326 584 inde
349 514 563 585 verisimilius
586 528 756 597 secuturo,
778 540 855 587 cum
875 516 1019 588 civiliter
1042 517 1191 589 validum
1210 520 1253 592 le-

144 628 363 727 gitimumque
385 627 549 702 habeatur
574 627 640 702 tale
664 627 869 727 coniugium.
896 630 1007 717 Quare
1024 633 1092 705 ΕΕ.
1109 634 1171 703 VV.
1189 632 1253 707 hu-

142 741 263 816 militer
285 768 386 841 rogo,
415 759 453 817 ut
478 743 614 818 modum
640 745 856 845 mediumque
881 745 1018 846 aliquod
1045 763 1116 821 tuto
1142 752 1255 847 proce-

143 858 239 930 dendi
259 858 295 930 in
313 884 397 932 casu
421 859 653 958 praescribere
677 860 894 958 dignentur.»
911 861 1062 961 Cumque
1084 864 1253 960 negotium

144 973 254 1062 istud,
283 989 323 1048 ut
350 1000 413 1075 par
436 990 534 1063 erat,
568 1002 689 1073 magna
719 975 895 1074 diligentia
923 971 1102 1050 excussum
1128 977 1251 1064 luerit,

143 1114 192 1161 ιιι.
207 1090 321 1162 182⁹.
342 1114 542 1189 responsum
566 1106 619 1163 est
642 1116 719 1164 curn
745 1091 867 1163 summi
894 1091 1062 1189 pontilicis
1088 1092 1255 1190 approba-

142 1205 243 1294 tione,
264 1204 359 1304 quod
379 1231 442 1279 «s.
454 1205 571 1294 sedes,
591 1204 649 1279 ubi
667 1205 837 1280 decretum
850 1206 984 1280 concilii
1003 1207 1174 1280 tridentini
1194 1235 1256 1307 pu-

142 1318 302 1395 blicatum
319 1320 405 1409 luit,
426 1347 536 1421 neque
553 1320 617 1394 luit
632 1338 770 1395 extensa
786 1321 968 1395 declaratio
985 1322 1155 1396 Benedicti
1168 1324 1250 1395 xlv.

143 1451 308 1535 braquam
330 1436 425 1509 trullo
445 1436 541 1509 babet
556 1439 766 1509 matrimonio
793 1437 955 1509 celebrata
980 1453 1092 1509 contro
1116 1440 1257 1537 fonnem

143 1551 373 1624 tridentinam:
401 1550 478 1626 ideo
510 1567 657 1627 recurrat
681 1552 716 1623 in
741 1552 879 1626 casibus
906 1552 1167 1651 particularibus
1195 1581 1256 1652 pro

143 1683 333 1768 opportuno
350 1666 536 1742 remedio.»

210 1782 574 1884 Cumquean.>18l'l.
591 1786 784 1885 propositus
810 1785 910 1859 luerit
933 1785 976 1857 ab
1001 1786 1161 1884 episeopo
1179 1784 1256 1856 Flu-

146 1898 243 1972 minis
260 1899 420 1973 ianuarii
451 1899 680 1996 (Rieiouer'ro
698 1901 733 1972 in
750 1900 918 1995 Brasilia)
948 1900 1131 1998 insequens
1156 1925 1257 1972 casus

144 2037 321 2113 supremae
339 2038 387 2087 ss.
405 2013 559 2113 inquisit.
576 2014 846 2112 congregationi:
873 2013 1004 2110 «Agnes
1022 2028 1056 2085 et
1073 2012 1196 2085 Paulus
1224 2013 1256 2084 in

145 2127 261 2217 tullia,
284 2128 344 2202 illa
360 2129 521 2203 rotbolr'oo
545 2131 610 2204 iste
633 2146 746 2204 autern
772 2131 986 2214 acatholicus,
1008 2129 1257 2202 matrimonium

145 2244 291 2320 inierunt
320 2245 486 2331 Parisiis,
519 2271 579 2319 sex
611 2245 665 2320 rel
700 2262 827 2345 septem
853 2246 896 2319 ab
922 2246 1002 2319 hinc
1035 2245 1133 2317 annis
1168 2245 1258 2317 iuxta

145 2358 248 2460 legem
288 2361 442 2450 civilem,
476 2378 509 2437 et
533 2389 555 2436 a
582 2363 737 2436 ministro
772 2362 958 2436 acatholico
992 2361 1258 2433 benedictionem

145 2493 364 2579 aeceperunt,
385 2477 435 2551 illi
448 2478 508 2579 qui
521 2504 610 2553 nunc
635 2479 670 2550 in
697 2505 855 2578 suprema
879 2477 969 2551 dicta
994 2476 1140 2550 dioecesi
1158 2477 1259 2572 (llio

145 2592 299 2690 luneiro)
328 2610 598 2682 commorantur,
628 2610 705 2694 post
733 2593 932 2680 biennium,
962 2617 1037 2666 cum
1063 2592 1165 2664 vitam
1191 2618 1259 2664 ma·

146 2709 273 2784 ritalem
299 2709 446 2809 amplius
464 2736 563 2808 agere
581 2736 648 2783 non
665 2709 814 2785 valerent
835 2727 971 2811 propter
987 2736 1107 2807 graves
1125 2709 1259 2782 dissen-

146 2824 279 2898 sionum
310 2849 432 2899 causas
457 2825 544 2898 inter
569 2851 607 2898 se
631 2841 747 2914 ortas,
776 2825 963 2898 auctoritati
991 2824 1081 2898 civili
1110 2823 1260 2896 indicta

146 2937 289 3014 dioecesi
315 2965 353 3012 se
378 2938 554 3028 stiterunt,
577 2954 610 3013 et
634 2965 709 3013 cum
736 2940 908 3013 conciliari
936 2966 1002 3013 non
1029 2955 1185 3039 possent,
1207 2964 1259 3010 se-

147 3054 353 3153 parationem
370 3053 552 3153 perlectam
564 3071 597 3128 et
609 3053 797 3128 absolutam
812 3056 900 3152 pacti
916 3055 1072 3140 luerunt,
1089 3071 1258 3151 tamquam

147 3170 171 3243 si
188 3195 379 3270 numquam
394 3170 645 3244 matrimonium
663 3170 919 3244 contraxissent.
938 3169 1050 3256 Quare
1063 3168 1174 3265 Agnes
1192 3167 1260 3264 epi-

146 3309 285 3386 scopum
311 3282 496 3371 consuluit,
526 3310 569 3358 an
595 3283 738 3357 liberum
758 3283 807 3356 illi
826 3285 872 3357 sit
888 3282 991 3356 alium
1015 3282 1122 3353 virum
1145 3279 1261 3352 catho-

146 3398 247 3475 licum
264 3398 407 3487 ducere,
428 3416 527 3501 prout
543 3400 578 3473 in
596 3400 682 3474 votis
705 3399 867 3487 babebat;
890 3426 949 3472 seu
974 3396 1064 3496 quod
1085 3397 1173 3468 idem
1192 3412 1255 3480 est,

145 3516 317 3616 quoduam
338 3515 499 3589 iudicium
516 3516 761 3590 ellormandum
776 3515 820 3589 sit
831 3515 874 3587 de
891 3513 950 3586 illo
968 3539 1030 3586 suo
1047 3512 1260 3584 matrimonio

145 3657 219 3706 cum
238 3630 346 3705 Paulo
362 3630 558 3706 contrecto?
576 3631 688 3728 Agnes
707 3646 741 3704 et
755 3630 879 3702 Paulus
899 3629 986 3703 lilios
1008 3653 1075 3702 non
1095 3628 1256 3701 habent.»

144 3749 176 3820 8.
187 3774 315 3846 congr.
333 3747 524 3848 respondit:
545 3749 668 3820 ulunta
686 3747 838 3845 exposita
854 3746 1103 3818 matrimonium
1122 3743 1261 3816 Parisiis

145 3878 354 3939 contractum
379 3889 456 3937 esse
477 3862 607 3937 nullum
624 3880 657 3936 et
675 3863 821 3949 irritum;
844 3863 987 3962 ideoque
1005 3861 1089 3932 nihil
1107 3858 1257 3944 obstare,

145 3981 329 4080 quominus
354 3979 479 4053 oratrix
495 3980 539 4052 ad
557 3979 643 4054 alias
664 3980 800 4078 nuptias
827 3979 917 4051 licite
935 4005 974 4051 ac
991 3977 1101 4050 valide
1121 3977 1262 4050 transire

144 4093 293 4169 valeat.»

216 4210 275 4284 Sic
292 4235 369 4284 cum
395 4212 520 4310 pariter
545 4211 718 4311 proposita
740 4210 840 4283 luerit
864 4209 1017 4309 quaestio
1043 4208 1262 4308 abepiscopo

145 4325 340 4426 corcyrensi
358 4353 421 4402 an.
439 4328 546 4401 1726.
567 4359 583 4394 ιι
596 4326 647 4399 dn
671 4325 885 4404 matrimonia
912 4325 997 4399 inter
1021 4336 1263 4423 postestnntem
