2804 5062
220 417 283 468 cm.
296 417 332 468 n.
343 418 383 467 nr
395 417 483 470 acon.
497 417 621 471 rorrsr.
634 421 741 472 ronsr.
756 424 823 473 nrr.
838 425 932 475 arno
943 427 1006 476 orn.
1017 430 1086 479 rnn.
1102 432 1146 480 nr.
1201 414 1243 481 rt

218 534 392 636 huiusque
420 536 643 612 distinctionis
679 540 928 615 fundamentum
962 547 1119 644 praebent
1152 552 1247 649 ipsae

154 676 258 724 sacrae
279 651 430 724 litterae:
452 652 486 723 in
506 654 614 753 prima
632 656 875 753 significatione
893 658 1012 757 legitur
1030 663 1144 734 Matth.
1161 665 1242 737 XVI.

151 766 247 863 Super
264 766 348 837 hooc
360 781 489 864 petram
506 766 681 867 oedificabo
698 772 863 844 ecclesiam
880 800 1000 859 meam,
1023 776 1055 847 id
1073 793 1140 861 est,
1164 777 1246 850 fide-

150 879 193 954 les
209 906 344 966 omnes,
366 881 424 980 qui
442 881 581 955 eandem
600 910 675 956 cum
691 887 783 959 Petro
802 887 901 961 fidem
925 891 1121 987 profitentur
1144 895 1244 992 eique

145 994 302 1084 subsunt3
325 996 360 1067 in
379 994 482 1069 altera
506 1023 583 1071 vero
609 999 733 1072 ibidem
751 1026 824 1101 cap.
845 1004 959 1075 xvlll.
980 1006 1110 1080 dicente
1128 1009 1244 1081 eodem

142 1111 297 1184 Christo:
321 1113 393 1182 «Si
407 1138 458 1184 cor
476 1138 538 1184 nort
560 1113 716 1200 audierit,
738 1117 790 1189 dic
808 1118 992 1206 ecclesiam»
1004 1148 1123 1220 nempe
1141 1140 1176 1195 ut
1194 1125 1245 1194 in·

146 1240 342 1324 terpretetur
364 1228 458 1307 s.,{0.
477 1225 759 1328 chrysostomus:
787 1261 803 1300 «
816 1232 877 1304 Dic
898 1234 1076 1322 ecclesiae,
1106 1236 1139 1308 id
1166 1255 1241 1324 est,

140 1339 388 1438 praesididoe,n
406 1367 466 1413 seu
493 1342 652 1417 ecclesiae
680 1344 837 1442 praelatis
854 1350 941 1442 (87).

211 1456 425 1556 Quapropter
440 1456 519 1529 dum
538 1458 715 1530 concilium
737 1461 949 1534 tridentinum
972 1465 1143 1537 constituit
1165 1491 1244 1537 con·

145 1573 269 1669 ingiam
290 1568 527 1645 celebrandum
545 1599 620 1646 esse
638 1575 672 1644 in
694 1576 777 1673 socie
801 1578 969 1662 ecclesiae,
996 1604 1072 1650 eum
1092 1578 1175 1650 nihil
1201 1581 1246 1652 sit

146 1685 227 1784 quod
244 1685 290 1758 ad
313 1685 548 1758 coarctandam
568 1687 669 1760 huius
686 1690 777 1761 vocis
800 1689 1077 1786 significationem
1098 1692 1244 1790 compel-

146 1799 204 1886 lat,
228 1800 265 1871 in
290 1798 503 1897 amplissimo
524 1826 627 1873 sensu
649 1802 735 1873 sumi
757 1819 864 1900 potest
880 1806 967 1898 (88).
986 1804 1094 1889 Quum
1111 1798 1190 1877 uero
1209 1805 1242 1875 in

147 1913 264 1987 nostris
289 1914 477 1988 canonibus
506 1917 617 1988 omnia
643 1917 797 1988 evincant
829 1917 1000 1989 arctiorem
1028 1943 1163 1989 sensum
1190 1945 1246 2016 po

151 2029 267 2102 stolare
282 2028 449 2102 ecclesiae
464 2055 595 2116 vocem,
613 2056 652 2103 eo
670 2030 759 2129 quod
777 2030 819 2102 de
833 2047 993 2128 potestate
1009 2047 1127 2128 agatur
1144 2048 1244 2132 atque

151 2143 310 2232 doctrina,
327 2142 458 2216 nullum
473 2161 581 2242 potest
596 2145 734 2217 dubium
752 2170 827 2217 esse
844 2146 925 2244 quin
943 2146 986 2216 ad
1005 2145 1244 2220 sacerdotalem

146 2276 268 2333 coetum
301 2256 569 2356 designandum,
601 2286 673 2332 cam
704 2259 873 2332 tridentini
906 2275 1015 2359 patres
1041 2251 1241 2360 acceperint.

146 2375 226 2451 hinc
241 2373 400 2476 apposite
417 2371 549 2448 rursum
572 2375 752 2448 Gereonius
776 2371 961 2447 scrihebat:
981 2376 1152 2448 «Ecclesia
1169 2401 1244 2448 con-

145 2508 242 2565 tracte
263 2489 427 2577 sumitur,
456 2491 536 2562 dum
562 2489 730 2589 loquimur
755 2490 809 2562 hic
834 2491 876 2562 de
901 2505 1062 2588 potestate
1087 2490 1244 2564 ecclesia-

144 2607 241 2694 stica,
272 2603 427 2705 proillio
452 2605 626 2692 videlicet,
652 2606 710 2706 qui
737 2600 874 2704 speciali
900 2605 1046 2704 quodam
1072 2604 1243 2703 signaculo

145 2721 285 2795 dedicati
301 2720 435 2794 suntad
449 2718 599 2792 divinum
615 2720 786 2792 servitium
803 2719 1031 2818 (89).»htque
1048 2719 1112 2793 hoc
1129 2721 1244 2795 eodem

146 2862 243 2910 sensu
274 2833 457 2909 adhibetur
486 2862 506 2907 a
535 2832 627 2907 conc.
663 2834 839 2906 tridentino
870 2860 954 2907 sess.
984 2834 1074 2904 xnl.
1103 2861 1177 2907 can.
1207 2839 1240 2906 9.

147 2978 226 3027 sees.
253 2951 339 3024 XIV.
362 2977 437 3024 can.
464 2953 521 3022 15.
546 2975 630 3023 sess.
655 2950 740 3020 xxl.
762 2975 834 3049 cap.
853 2952 886 3020 2.
908 2974 993 3022 sess.
1011 2950 1113 3022 xxrl.
1131 2975 1205 3047 cap.
1224 2953 1242 3019 h

147 3081 178 3138 et
200 3070 235 3139 6.
255 3082 292 3140 et
311 3066 347 3137 in
368 3065 433 3138 hac
449 3065 524 3164 ipsa
544 3089 629 3136 sess.
647 3065 755 3134 xxlv.
778 3089 851 3135 can.
876 3066 909 3135 7.
932 3066 965 3134 8.
987 3089 1006 3135 e
1031 3066 1065 3132 9.
1088 3063 1243 3147 Quinimo

148 3182 258 3255 codem
292 3180 357 3254 hoc
385 3205 489 3255 sensu
514 3178 565 3252 vel
591 3178 633 3252 ah
658 3179 732 3279 ipso
759 3178 920 3264 Luthero,
944 3178 992 3249 uti
1014 3175 1242 3261 ostendimus,

149 3294 332 3368 adhibitum
357 3292 518 3367 ecclesiae
548 3319 667 3367 nomen
694 3309 764 3378 est,
789 3318 865 3364 cum
890 3291 997 3362 eidem
1023 3287 1165 3385 denegat
1190 3315 1245 3387 po·

151 3426 298 3485 testatem
320 3407 543 3484 constituendi
567 3407 802 3507 impedimenta
820 3405 1064 3477 matrimonium
1086 3403 1245 3477 dirimen-

151 3526 191 3599 tia
205 3528 297 3622 (90).

217 3640 267 3711 Ex
297 3662 338 3712 eo
367 3661 469 3724 vero,
504 3636 594 3735 quod
626 3635 718 3707 nulla
750 3635 814 3707 hac
839 3633 881 3706 de
909 3659 945 3707 re
974 3634 1116 3707 excitata
1148 3634 1246 3708 fuerit

151 3754 316 3852 quaestio,
342 3778 382 3826 eo
407 3749 527 3825 melius
549 3751 734 3826 ostenditur
759 3750 907 3846 ignotum
934 3748 1040 3823 fuisse
1064 3765 1143 3822 tunc
1168 3764 1246 3820 tem-

218 3957 269 4018 (87)
284 3949 413 4002 Tavrirrrr
433 3949 488 4009 τοῖς
507 3943 711 4018 προεδρεύουσα.
730 3953 800 4002 Hom,
813 3954 862 4002 Lx,
876 3953 902 4001 in
913 3952 999 4002 Matth,
1010 3963 1034 3998 u.
1049 3957 1070 3999 2.

221 4037 270 4098 (aa)
285 4038 340 4086 non
356 4033 444 4084 desunt
458 4036 539 4084 tamen
548 4033 592 4096 qui
602 4032 748 4082 contendant
759 4033 832 4082 etiam
846 4032 885 4081 hic
895 4044 938 4094 pcr
947 4029 1061 4080 ecclesiae
1073 4039 1160 4077 nomen
1171 4028 1245 4079 fuisse

152 4115 298 4178 dctissmtom
317 4113 455 4164 clericalem
472 4114 581 4173 coetum,
598 4113 717 4174 qnatenus
735 4111 894 4160 tridentinum
912 4107 998 4158 statutt
1014 4105 1183 4157 celebrandurn
1195 4119 1247 4156 mse

150 4194 329 4246 matrimonium
341 4206 423 4244 coram
434 4192 560 4256 episcopo,
571 4191 691 4254 parocho,
703 4192 747 4240 ant
757 4190 805 4240 alio
815 4187 963 4239 sacerdotea
974 4186 1079 4251 parocho
1092 4185 1177 4236 electo.
1216 4230 1220 4239 ,

223 4276 272 4337 (aa)
288 4276 316 4323 ln
336 4271 498 4323 romanat.
513 4273 536 4320 1.
549 4271 722 4333 representa
734 4268 977 4319 ecclertmttcotom.
989 4268 1008 4317 1.
1018 4265 1067 4317 col.
1079 4271 1132 4317 aar.

219 4353 269 4417 tao)
282 4354 321 4404 ct.
336 4350 472 4402 nonatum
488 4349 607 4411 Defensio
618 4346 847 4399 ermemmarus
857 4358 912 4409 cap.
924 4344 975 4408 1.§.
988 4352 1009 4396 a.
