2804 5062
143 232 213 306 tre
396 252 515 306 amu.
536 221 1024 308 sternutamentum.

144 399 217 448 rum
242 371 491 449 matrimonium
516 374 602 448 inire
626 373 814 463 voluerint,
843 390 876 450 et
901 401 968 450 uon
995 376 1112 476 potius
1137 373 1182 450 de
1199 376 1247 463 iis,

142 493 202 594 qui
225 507 385 596 vagantes
410 492 605 594 assuetique
629 492 806 566 mulierum
831 493 1087 580 contuberniis,
1109 493 1252 566 mulieri·

141 606 207 682 hus
224 607 378 709 pluribus
395 634 433 683 se
450 635 488 683 se
504 608 728 706 coniungunt,
748 607 819 682 veri
833 608 981 683 nominis
998 608 1088 681 inire
1111 606 1254 683 voluisse

142 724 357 800 matrimonia
381 750 448 798 nou
474 738 748 823 praesumuntur.
779 722 818 796 In
844 723 954 825 primo
983 722 1127 825 quidem
1159 748 1255 810 casu,

141 838 301 918 videlicet
324 840 459 940 quaudo
476 840 589 938 agitur
605 840 648 914 de
665 864 745 914 vero
762 839 848 914 inito
865 839 1103 928 matrimonio,
1125 838 1257 913 dubium

142 980 312 1031 essenon
337 982 440 1056 posse
465 983 494 1030 s.
523 956 738 1056 congregatio
763 957 989 1044 existimavit,
1010 954 1174 1029 infideles
1193 953 1259 1056 plu·

143 1094 331 1150 reduxeras
344 1070 526 1160 hahentes,
542 1086 620 1172 pest
636 1071 892 1147 conversionem
910 1097 1032 1158 suam,
1054 1070 1184 1145 dehere
1200 1071 1259 1170 pri·

143 1210 233 1263 mam
257 1213 395 1264 uxorem
420 1187 579 1276 retinere,
609 1188 639 1263 si
670 1203 704 1262 et
733 1187 810 1288 ipsa
839 1187 1047 1288 baptismum
1079 1186 1255 1286 suscipiat,

142 1301 197 1379 val
222 1300 341 1409 saltem
371 1301 526 1377 hahitare
550 1329 627 1378 cum
657 1303 716 1379 illo
747 1304 953 1378 assentiatur
981 1301 1115 1403 absque
1145 1290 1258 1375 iniuria

144 1417 324 1494 Cremonis.
345 1418 384 1491 ln
401 1418 506 1493 altaro
523 1436 633 1494 autern
651 1446 751 1508 casu,
773 1418 901 1495 scilieet
924 1418 1064 1519 quando
1087 1418 1203 1516 agitur
1221 1416 1259 1490 dc

143 1532 368 1608 matrimoniis
392 1533 436 1606 de
460 1533 585 1633 quihus
611 1535 701 1610 serio
726 1534 875 1608 dubitari
900 1534 1011 1634 pessit
1040 1550 1160 1608 utrum
1190 1557 1258 1606 vera

144 1645 269 1725 luerim
292 1648 525 1737 matrimonia,
554 1675 596 1723 au
614 1638 833 1724 contubernia
851 1639 1084 1723 tantummodo
1105 1674 1149 1724 ex
1173 1648 1258 1747 cupi-

143 1761 250 1838 ditate
266 1788 343 1839 cum
360 1763 560 1838 mulieribus
580 1765 681 1854 inita,
704 1791 774 1839 sac.
797 1765 1011 1864 congregatio
1028 1765 1167 1839 censuit
1191 1762 1257 1836 infi-

144 1870 276 1967 delem,
304 1880 364 1980 qui
390 1880 434 1954 ad
461 1879 564 1954 fidem
591 1882 814 1967 convertitur,
844 1905 946 1980 posse
970 1894 1048 1981 post
1079 1879 1260 1954 conversio

146 2020 224 2069 nem
248 2020 346 2070 suam
371 1995 496 2094 eligere
521 2021 770 2097 quamcumque
792 1995 874 2071 velit
897 2022 938 2071 ex
962 1995 1170 2070 mulieribus
1199 1996 1255 2069 iam

145 2110 213 2186 sibi
238 2110 453 2200 coniunctis,
481 2112 582 2187 modo
606 2128 639 2186 et
662 2139 704 2187 ea
721 2113 766 2185 ad
785 2110 886 2186 fidem
903 2109 1110 2187 catholicam
1133 2135 1259 2187 cunum

145 2241 261 2316 tatur,
295 2225 500 2329 baptismum
529 2226 709 2328 suscipiat,
744 2253 913 2303 consensu
943 2227 986 2300 ad
1016 2227 1257 2302 matrimonium

146 2361 307 2441 cupresso
332 2368 394 2442 per
418 2342 523 2416 verba
541 2332 591 2416 ⁴de
616 2343 804 2444 praesenti,
830 2340 884 2415 vel
909 2341 1012 2415 etiam
1031 2367 1139 2443 possa
1157 2341 1258 2416 matri·

146 2457 298 2533 monium
324 2459 410 2530 inire
436 2483 511 2532 cum
530 2458 598 2532 alia
615 2457 766 2560 qualibet
783 2457 951 2533 catholica
967 2455 1112 2531 muliere
1136 2461 1221 2555 (at).

220 2574 363 2674 lusuper
388 2573 567 2671 Gregorius
583 2574 666 2647 llVl.
688 2600 729 2647 ex
747 2573 911 2672 suffragio
928 2574 1085 2647 eiusdem
1107 2597 1251 2672 congreg.

147 2686 183 2760 id
198 2686 311 2785 ipsum
331 2685 503 2788 probavit,
523 2705 681 2763 renovato
705 2704 815 2762 tamen
838 2712 1025 2774 consensu,
1048 2689 1080 2761 si
1098 2689 1255 2762 matrina

147 2800 241 2874 nium
261 2800 295 2872 in
319 2801 428 2900 prima
449 2800 631 2902 hypothesi
650 2804 713 2900 (de
726 2803 1046 2903 primaverauxore)
1059 2803 1256 2877 contrahitur

148 2941 225 2990 cum
239 2916 389 2990 secunda
402 2916 456 2989 vel
469 2917 567 2990 tertia
580 2919 735 3015 coniuge,
748 2916 863 2990 addita
877 2915 1033 2990 facultate
1045 2911 1253 3017 dispensandi

148 3033 192 3107 ab
214 3032 481 3134 interpellatione
498 3034 653 3132 coniugis
671 3033 820 3134 primae,
844 3034 977 3133 quoties
991 3049 1049 3105 aut
1063 3033 1139 3107 lieri
1158 3035 1253 3132 reipsa

147 3164 325 3249 nequeat,
360 3166 418 3222 aut
444 3149 473 3221 si
501 3151 624 3237 fieret,
658 3149 785 3223 nullius
818 3148 973 3223 utilitatis
998 3148 1072 3222 lore
1098 3164 1253 3251 reputetur

148 3264 241 3337 iuxta
262 3290 325 3351 aa,
348 3290 436 3364 quae
456 3291 477 3337 a
494 3291 544 3337 sa.
571 3290 636 3338 me.
662 3264 833 3338 Benedicti
857 3263 940 3335 lilV.
958 3261 1018 3334 lih.
1034 3262 1129 3335 Xlll.
1146 3264 1195 3337 De
1209 3286 1253 3360 sy·

148 3379 237 3455 nodo
263 3380 465 3454 dioecesana
489 3407 563 3479 cap.
587 3381 673 3453 lllll.
694 3379 848 3456 traditur.

220 3496 364 3595 Insuper
396 3521 472 3570 cum
504 3495 757 3569 matrimonium
790 3520 856 3568 non
887 3491 1096 3567 dissolvatur
1129 3493 1164 3564 in
1193 3503 1253 3565 actu

148 3610 257 3711 ipsius
279 3611 529 3698 conversionis,
550 3627 609 3683 aut
626 3609 851 3709 susceptionis
864 3607 1045 3708 baptismi,
1065 3623 1104 3682 ut
1117 3601 1252 3683 nonnulli

148 3749 325 3823 perperam
351 3741 567 3799 autumarunt
583 3728 672 3821 (35),
690 3723 750 3797 sed
773 3740 901 3797 tantum
923 3748 1000 3795 curn
1027 3722 1140 3797 fidelis
1159 3722 1202 3796 ad
1216 3744 1253 3793 se

149 3839 278 3912 eundas
305 3841 442 3941 nuptias
468 3840 609 3944 trausit3
640 3839 762 3912 exinde
788 3839 845 3926 fit,
868 3852 905 3910 ut
927 3837 957 3910 si
980 3853 1164 3937 antequam
1189 3859 1252 3911 oon·

221 4058 272 4201 llll
287 4062 647 4204 iidineuiiiianornunnus,
661 4144 687 4193 iu
699 4157 753 4207 cap.
767 4145 885 4201 Quanto,
902 4139 1021 4191 Ostiensis
1034 4138 1059 4190 iu
1074 4137 1139 4190 idem
1155 4132 1251 4201 cupali·

149 4218 256 4270 eirardus
270 4220 294 4269 iu
308 4224 331 4270 t.
343 4219 367 4270 d.
381 4227 419 4272 to.
430 4223 477 4271 art.
491 4230 514 4273 2.
525 4224 550 4273 iu
565 4224 639 4274 solut.
653 4224 684 4273 ad
698 4223 834 4274 dubiumr.
846 4220 1016 4272 adaluuinus
1031 4226 1055 4271 t.
1065 4234 1092 4283 q.
1101 4220 1139 4271 ut.
1149 4223 1225 4271 aad·
