2804 5062
152 336 220 408 tta
270 400 272 404 Α
385 356 447 409 nn.
468 357 504 407 n.
525 354 612 407 secr.
632 356 657 406 1.
678 354 718 405 ne
741 353 866 406 nornen.
889 353 1016 406 nouum.
1082 391 1086 397 .
1108 386 1113 401 .

220 478 297 551 Tria
314 477 417 552 'enim
447 475 662 576 potissimum
691 489 771 550 snnt
785 532 808 562 ,,
821 476 911 574 quae
934 474 973 546 in
986 473 1258 574 'materia-*quan

147 600 322 668 versamus
346 592 561 694 potissimum
585 591 782 692 quaerenda
802 590 981 665 videntur:
1012 589 1148 664 soilioet
1171 590 1262 690 quid·

147 735 227 783 nam
245 707 389 782 eeclesia
406 707 460 783 vel
482 706 635 783 statuerit
652 705 705 780 vel
721 705 963 795 declaraverit,
984 722 1046 780 ant
1064 705 1193 781 saitem
1210 708 1264 782 saa

147 823 277 921 agendi
289 822 419 897 ratione
438 822 586 897 insinuet
606 821 714 924 primo
731 821 870 922 quidem
887 819 993 895 relate
1006 820 1052 895 ad
1066 819 1264 896 solutionem

146 938 379 1036 coniugiorum
408 939 490 1011 dum
517 937 602 1011 alter
625 951 755 1011 tantum
779 963 820 1010 ox
845 934 1043 1010 infideiibus
1067 935 1266 1034 ooniugibus

147 1053 370 1141 convertitur3
392 1053 516 1127 deinde
537 1051 640 1126 roiate
663 1051 707 1124 ad
728 1049 1038 1125 ratihabitationem
1055 1049 1113 1124 uel
1130 1050 1265 1126 solutio-

147 1176 225 1242 nem
242 1168 476 1267 ooniugiorum
496 1173 679 1270 quaecum
697 1167 814 1269 aliquo
832 1166 1077 1267 impedimento
1095 1167 1133 1240 in
1151 1166 1264 1240 infide

145 1282 239 1359 litate
257 1289 427 1358 eontracta
451 1285 603 1371 fuerant3
625 1282 772 1383 denique
792 1280 895 1356 relate
912 1280 957 1355 ad
973 1279 1263 1381 dispensationem

146 1399 190 1473 ab
212 1400 452 1499 impedimento
469 1398 678 1501 disparitatis
697 1396 827 1486 oultu's,
844 1423 933 1499 quae
950 1395 1042 1470 fideli
1061 1398 1262 1499 quandoque

33 1515 37 1521 ’
146 1516 342 1591 oono'editor
365 1531 403 1589 ut
427 1514 678 1589 matrimonium
702 1513 790 1586 inire
814 1511 924 1610 possit
947 1519 1033 1585 eum
1047 1511 1198 1587 infideli.

219 1632 272 1706 Ad
297 1632 445 1733 primum
462 1630 554 1731 quod
570 1629 689 1704 attinet
706 1627 798 1701 baud
815 1625 957 1701 dissolvi
979 1626 1176 1701 infidelium
1192 1653 1262 1704 oon·

145 1747 355 1847 iugiumpor
369 1745 531 1847 baptismi
553 1744 804 1843 susceptionem
829 1759 938 1819 ratum
960 1758 1013 1817 ast
1033 1743 1129 1844 apud
1152 1768 1260 1820 omnes

147 1863 241 1937 iuxta
264 1879 435 1962 receptum
460 1861 545 1935 iilud
572 1860 657 1934 iuris
686 1859 825 1934 effatum
838 1861 1019 1933 :Crimina
1043 1861 1082 1932 io
1109 1861 1260 1959 baptisato

74 1991 77 1997 '
145 1979 318 2052 solvuntur
329 1984 398 2050 ooo
411 1978 563 2075 ooniupio
580 1979 670 2073 (2⁸03
686 1976 778 2076 quod
796 1975 951 2050 innititur
962 1975 1260 2075 Apostoli‘verbist

149 2092 218 2165 «si
236 2091 316 2192 quis
338 2091 440 2165 frater
456 2117 594 2165 uxorem
614 2090 716 2164 babet
737 2088 928 2178 infidelem,
944 2089 1081 2165 ethaeo
1101 2091 1260 2167 consenui

145 2206 300 2282 hahitare
328 2216 408 2281 oum
431 2207 506 2296 illo,
537 2234 604 2282 non
630 2205 779 2280 dimittat
802 2205 895 2280 illam
926 2208 1047 2302 (28).»
1067 2207 1121 2280 Ex
1143 2207 1258 2309 qiiibut

145 2320 260 2420 colligi
286 2321 384 2396 sanila
410 2337 521 2423 potest
544 2320 786 2396 habitationem
812 2320 923 2395 fidelis
943 2322 1104 2420 coniugia
1119 2332 1199 2398 oum
1214 2323 1256 2397 in·

144 2439 239 2513 fideli
263 2457 340 2540 post
365 2443 639 2525 conversionem,
663 2439 796 2515 secluso
817 2438 985 2539 periculo,
1011 2440 1144 2517 licitam
1170 2466 1254 2527 esse,

146 2572 246 2654 prout
264 2556 377 2655 reipsa
395 2558 513 2655 primis
531 2556 696 2630 ecclesiae
717 2555 845 2631 seculis
860 2582 927 2630 non
943 2556 1044 2631 modo
1070 2556 1185 2645 licita,
1205 2553 1254 2630 sed

144 2670 285 2771 insuper
302 2675 496 2746 necessaria
512 2673 716 2773 quandoque
734 2672 815 2758 suit,
837 2698 925 2771 quae
942 2689 1059 2772 postea
1073 2672 1110 2744 in
1128 2670 1255 2746 arbitrio

145 2786 258 2860 fidelis
278 2790 429 2863 conversi
448 2789 659 2875 relictam,
683 2815 744 2862 neo
762 2788 836 2861 'nisi
864 2795 939 2861 eum
965 2788 1099 2863 iudaeis
1119 2789 1164 2861 ⁴in
1183 2794 1252 2863 non·

145 2901 249 2976 nullis
277 2903 469 3001 regionibus
495 2905 559 2977 fuit
583 2903 718 2978 domum
745 2904 914 3002 prohibita
934 2906 1024 2999 (29).

217 3020 322 3093 Posse
339 3036 451 3092 tamen
469 3020 663 3117 coniugium
684 3019 826 3093 dissolvi
841 3028 921 3093 ‘oum
939 3018 1024 3092 alter
1037 3021 1250 3104 moveretur,

144 3151 177 3208 et
198 3135 321 3209 coniux
342 3134 427 3208 alter
446 3136 481 3207 in
501 3162 564 3209 sua
586 3151 759 3234 permanet
780 3134 997 3223 infidelitate,
1017 3162 1080 3210 neo
1098 3137 1173 3211 vult
1187 3137 1252 3211 sine

144 3252 270 3326 iniuria
288 3252 454 3326 Creatoris
481 3278 556 3325 cum
584 3268 678 3352 parte
704 3251 795 3324 fideli
823 3251 1018 3325 oobabitare
1035 3254 1176 3327 omnino
1194 3278 1251 3327 oer-

143 3382 214 3439 tum
231 3385 294 3441 est.
316 3368 377 3441 Ast
394 3369 427 3439 id
447 3368 569 3442 nonsit
594 3394 633 3440 ex
660 3366 855 3440 auctoritate
881 3366 1065 3455 eeclesiae,
1088 3395 1177 3469 quae
1195 3393 1249 3441 non

143 3497 255 3578 potest
277 3481 481 3568 dissolvere,
507 3482 598 3581 quod
620 3484 710 3556 Deus
733 3482 925 3568 coniunxit,
954 3507 1065 3582 neque
1090 3484 1134 3556 ad
1154 3484 1187 3557 id
1206 3506 1251 3584 po

144 3610 297 3668 testatem
327 3595 415 3668 bano
440 3622 461 3668 a
482 3597 552 3669 Deo
576 3612 628 3669 est
653 3613 826 3683 assecuta,
856 3596 917 3670 sed
941 3596 1137 3671 immediate
1163 3594 1248 3673 aboi

143 3710 319 3810 privilegio
333 3710 368 3781 in
382 3709 460 3783 fidei
481 3710 646 3797 favorem,
669 3726 705 3783 ut
725 3711 861 3810 exponit
882 3736 957 3784 oum
979 3711 1151 3786 communi
1170 3711 1251 3787 theo-

216 3983 265 4046 (27)
282 3984 322 4033 Sto
332 3984 357 4034 in
368 3997 437 4034 eona.
445 3984 563 4036 meldensi
576 3983 834 4048 eelebranetnoap.
843 3991 864 4034 t.
873 3983 1027 4048 habeturque
1037 3994 1093 4049 oap.
1106 3987 1134 4036 st
1144 3986 1209 4050 Μ’.
1218 3988 1247 4034 tt.

140 4064 324 4127 usatberun
334 4064 361 4125 tn
374 4079 428 4128 cap.
439 4065 576 4131 Numquid
591 4074 661 4129 aeq.
672 4074 729 4116 teu
743 4066 886 4116 Innocentio
895 4069 915 4115 1.
925 4079 964 4129 ep.
973 4067 1011 4119 π’.
1020 4069 1047 4117 et
1056 4065 1082 4117 in
1092 4081 1148 4133 esp.
1158 4064 1251 4125 Qum

141 4141 173 4194 de
184 4142 321 4205 altbertum
334 4147 359 4193 et
374 4158 426 4208 cap.
438 4145 588 4196 Gaudentius
603 4160 632 4196 ox
650 4147 793 4196 Innocentio
805 4148 839 4195 ΙΙΙ
843 4185 848 4195 .

213 4222 263 4285 (rs)
281 4225 300 4273 1.
315 4227 372 4273 cor.
388 4227 443 4275 vlt.
459 4233 495 4276 rr.

213 4304 264 4367 (2⁹)
279 4272 1088 4374 ctuonunnopcit.tin.vr1.c.xuv1u.uhidehooirgunento
1095 4304 1247 4376 wpiwttii·
