2804 5062
138 390 1072 472 mauuoarouurorxsrzorsarurxr.arianarum.
1097 376 1159 447 rot

60 507 202 580 tistitum
219 508 294 580 iura
307 507 421 607 quoad
433 507 496 582 bas
511 534 633 585 causas
647 509 713 583 sibi
725 509 894 585 vindicare
908 530 1175 601 consueverunt„

51 639 97 694 ut
113 638 205 722 patet
220 649 262 696 ex
279 622 438 696 facultate
454 650 476 696 a
491 624 541 698 lo.
563 624 649 696 vul.
671 625 788 699 Troiae
806 626 839 697 in
856 626 977 727 Apulia
1002 629 1046 701 ad
1063 655 1167 728 syno-

48 736 138 809 dum
153 738 284 810 voeatis
301 737 472 836 episeopis
489 763 649 812 eoncessa
669 741 758 832 (at).
781 740 814 810 2.
840 740 1009 812 interdum
1033 768 1172 842 quoque

51 849 93 922 iu
116 849 434 949 impedimentorum
460 851 573 925 oausis
605 851 649 925 ab
671 853 839 953 episeopis
866 852 1093 929 diiudicandis
1120 883 1175 951 re·-

51 964 153 1061 gulas
185 965 371 1039 servandas
397 980 604 1050 statuerunt,
634 982 732 1065 prout
758 967 924 1066 praestitit
947 968 1101 1044 Urbanus
1120 970 1164 1041 11.

50 1107 112 1152 an.
138 1083 250 1153 1093.
268 1080 447 1159 innonoilio
464 1080 590 1178 pariter
607 1082 724 1154 Troiae
741 1082 777 1154 in
801 1081 922 1181 Apulia
939 1101 1053 1158 ooaoto
1074 1087 1162 1179 (st).

56 1198 92 1266 3.
113 1193 288 1267 Interdum
311 1194 527 1269 eonciliorum
544 1195 617 1269 sive
634 1195 907 1294 provincialium,
928 1198 1001 1270 sive
1018 1199 1169 1272 nationa-

55 1307 138 1380 lium
162 1309 201 1381 iu
217 1308 385 1383 eiusmodi
410 1309 522 1383 causis
540 1309 665 1400 iudioia
681 1310 909 1397 resciderunt,
930 1327 1028 1410 prout
1043 1312 1165 1387 laetum

59 1424 206 1498 uidimus
230 1451 254 1497 a
270 1423 407 1499 Nioolao
433 1426 459 1496 Ι.
488 1426 600 1524 quoad
618 1425 682 1499 tria
698 1426 840 1500 eoncilia
861 1427 1164 1526 aquisgranense,

62 1556 208 1614 metense
231 1555 403 1639 praetenue
434 1554 467 1615 et
492 1556 641 1615 trecense
668 1541 703 1613 iu
733 1568 836 1616 causa
866 1542 999 1615 divortii
1021 1543 1166 1616 botharii

64 1655 143 1751 regis
160 1671 198 1728 et
215 1653 467 1751 Theotbergae,
488 1680 550 1728 neo
567 1681 635 1728 nou
651 1682 671 1728 a
685 1655 852 1751 'Gregorio
873 1657 909 1726 V.
926 1657 985 1754 qui
1003 1656 1039 1727 iu
1056 1657 1168 1731 conoi-

65 1767 101 1843 lio
118 1796 205 1843 rom.
231 1771 277 1841 11.
301 1796 358 1843 an.
384 1773 467 1843 998.
498 1769 770 1843 Ermambaldum
793 1785 1006 1843 turonensem
1037 1769 1168 1844 archie-

66 1883 255 1983 pisoopum,
276 1900 310 1957 et
334 1882 512 1985 episcopos
538 1885 596 1983 qui
618 1885 750 1959 lloberti
775 1884 952 1980 galliarum
973 1884 1061 1979 regis
1089 1910 1166 1957 oum

65 1998 176 2073 lonha
207 1999 421 2073 matrimonio
457 1999 638 2074 adsensum
671 1998 917 2098 praebuerant,
953 1997 1168 2073 anathemate

65 2111 219 2209 poreulit;
242 2130 341 2212 prout
363 2140 385 2186 a
404 2139 434 2186 s
457 2114 567 2188 leona
584 2114 663 2199 lx„
684 2112 806 2185 deiude
821 2139 901 2186 vero
918 2112 953 2184 in
971 2139 1073 2186 causa
1093 2113 1169 2185 Phi·

65 2223 138 2326 lippi
151 2226 299 2322 Augusti
317 2252 337 2299 a
354 2225 542 2302 Caelestino
556 2227 614 2298 111
637 2243 670 2298 et
693 2227 736 2300 ab
756 2225 949 2300 lunoeentio
967 2226 1026 2297 111.
1043 2226 1168 2299 lactum

64 2339 162 2417 luisse
178 2341 340 2440 superius
361 2340 519 2416 diximus.
540 2341 589 2412 Ex
615 2341 669 2414 his
687 2340 833 2440 aliisque
852 2367 917 2414 uon
937 2341 1054 2440 paucis
1079 2367 1169 2439 quae

63 2455 90 2529 in
113 2456 268 2531 medium
286 2454 386 2530 laeila
401 2457 514 2532 afferri
532 2473 684 2556 possent,
705 2474 909 2556 compertum
936 2456 975 2529 fit
981 2455 1167 2584 episcopos

63 2570 155 2644 otiam
183 2569 221 2642 in
247 2569 401 2646 ooneiliis
425 2587 642 2669 eougregatos
672 2570 825 2669 quoad
816 2569 1071 2670 1psaooniugia
1099 2569 1166 2642 iam

63 2683 139 2759 inita
161 2710 244 2759 oum
270 2684 509 2783 impedimento
531 2711 713 2786 numquam
738 2685 958 2759 relaxationes
983 2684 1168 2759 indulsisse

63 2797 190 2900 absque
202 2797 319 2872 debita
332 2798 643 2898 rom.pontifieibus
657 2798 863 2873 subiectione
875 2825 916 2872 ac
927 2798 1171 2897 dependentia..

126 2913 305 2999 coetum,
322 2912 381 2987 hisv
394 2914 565 3001 dimissis,
581 2931 619 2988 ut
630 2914 675 2987 ad
688 2915 1000 3014 impedimentorum
1012 2914 1178 2988 devenio·-

64 3054 133 3103 mus
146 3027 375 3102 relaxationes
384 3029 555 3127 praeuias,
573 3029 751 3130 dequibus
766 3029 964 3128 praecipuus
977 3045 1033 3101 est·
1041 3054 1172 3113 sermo,
1197 3057 1198 3060 ¹

64 3141 186 3216 nullam
210 3141 247 3213 in
264 3140 324 3215 his
337 3157 534 3242 potestatem
558 3143 672 3215 inesse
694 3143 864 3242 episeopis
890 3168 936 3214 ex.
955 3141 1065 3216 totius¹
1081 3141 1167 3214 auti-
1187 3224 1191 3235 .

64 3258 200 3357 quitatis
224 3257 447 3331 consensione
463 3274 496 3331 et
513 3257 607 3358 praxi
634 3258 724 3332 haud
742 3256 878 3330 difficile
901 3271 958 3330 est
976 3255 1162 3329 estendere.

63 3370 141 3444 lt'am
156 3371 255 3471 quod
276 3371 395 3445 attinet
414 3370 457 3444 ad
473 3372 547 3443 ΧΠ.
569 3373 681 3472 priora
701 3371 871 3444 ecclesiae
886 3369 1015 3457 seoula,
1037 3367 1166 3443 nullum

64 3500 108 3560 est
119 3483 265 3559 dubium
279 3501 473 3586 potestatem
493 3485 581 3560 hane
597 3486 774 3586 episcopos
792 3509 864 3557 non·
876 3484 1079 3571 exercuisse,
1091 3509 1166 3558 oum

64 3599 172 3674 nullae
189 3599 334 3674 omnino
346 3600 515 3674 eiusmodi
530 3600 753 3675 relaxationes
775 3598 1052 3687 concederentur3
1077 3614 1112 3672 at
1127 3625 1167 3673 eo

64 3718 210 3816 tempore
227 3725 297 3788 tot'a
312 3716 462 3815 ipsorum
478 3732 630 3817 potestas
646 3717 747 3789 unice
761 3715 978 3802 versabatur,
999 3728 1037 3787 ut
1056 3728 1169 3786 osten-

65 3829 196 3918 dimus,
226 3832 379 3905 romauis
398 3832 613 3930 pontificibus
639 3831 880 3921 annuentibus,
907 3831 996 3904 eirea
1011 3828 1169 3926 coniugia

66 3943 127 4017 iam
147 3960 337 4032 eontracta,
365 3961 398 4018 et
415 3946 480 4019 hoe
496 3947 597 4019 etiarn
615 3972 689 4019 raro
711 3946 902 4019 admodum.
923 3942 1087 4017 Aseoulis
1108 3970 1168 4016 au-

68 4073 129 4135 tem
151 4060 227 4135 ΧΗ.
252 4077 285 4134 et
309 4061 398 4135 xm.
420 4061 463 4136 ob
483 4063 630 4137 rationes
644 4089 730 4162 quas
748 4060 991 4148 indicavimus,
1013 4085 1100 4134 nova
1116 4058 1169 4132 di-

128 4244 179 4306 tat)
192 4246 265 4310 Apud
284 4247 425 4298 zrdnriam
445 4248 471 4298 in
489 4248 586 4299 dissert
607 4249 649 4299 eit.
661 4260 715 4313 cap.
727 4249 759 4298 11.
771 4246 795 4312 §.
807 4253 829 4298 2.
840 4260 865 4297 n.
883 4254 902 4298 ι.

129 4326 181 4390 (ts)
196 4328 225 4378 tu
242 4326 340 4380 ootleot.
357 4328 464 4380 maxims
483 4328 572 4379 raucit.
592 4331 678 4380 venen
693 4327 879 4380 tom.xx.eot.
894 4330 947 4381 7⁹⁰,
959 4341 1014 4393 cap.
1027 4329 1047 4377 t.
1097 4406 1099 4411 ¹
