2804 5062
41 431 43 434 >
144 375 225 459 iit:
255 433 257 439 ι
290 416 307 453 ι,
326 405 396 460 aa.
417 402 711 475 ausauupauraau.
733 401 774 456 ue
800 398 925 455 norma
947 397 1058 459 oraru.
1127 443 1129 449 s
1183 456 1186 463 .

142 521 747 622 oere,·.ac=iegitimitateiiberorum
772 547 937 612 suorum,
964 521 1088 599 saitem
1114 524 1149 599 in'
1173 521 1244 600 iacit

141 640 469 740 ecciesiaeiruigfut
488 638 782 739 aiiapraete'roam
812 637 969 728 silentio,
992 664 1085 740 quae
1111 638 1247 715 adiicere

143 755 242 830 iaciie
255 761 403 855 possam.
419 752 549 835 Omitto
562 753 663 827 etiam
681 752 942 852 imprudentiam
956 755 1191 829 committendi
1200 755 1250 828 in·

145 887 195 945 ter
224 896 261 945 se
291 869 463 966 theologos
495 867 602 966 gallos
621 884 734 969 ‘aque
761 878 957 957 extraneos,
986 869 1133 969 perinde
1163 896 1203 945 ae
1228 869 1250 943 si

144 986 268 1060 veritas
286 984 526 1084 patrimonium
542 1010 608 1058 non
626 994 718 1058 esset
733 1009 909 1059 commune
926 983 1096 1084 galiorum
1113 1002 1148 1061 et
1160 1001 1252 1062 extra

144 1106 301 1176 neoi'iimz'
335 1106 350 1170 ἶ,
412 1160 415 1169 .
515 1186 517 1191 Δ
992 1113 996 1120 ’

216 1216 369 1290 Cetanrni
395 1229 473 1317 post
496 1215 582 1290 baec
605 1215 690 1290 adeo
718 1215 859 1290 [irmiter
890 1217 1075 1292 constituta
1099 1215 1253 1293 aivam

143 1332 234 1407 hano
251 1331 457 1407 .seuteutiam
470 1388 478 1421 ‚
491 1382 494 1387 ,
509 1358 551 1406 ex
576 1330 760 1406 abundanti
791 1331 996 1422 adiicimus;
1028 1333 1215 1409 constituto
1238 1356 1254 1408 ι

147 1446 247 1521 nobis
272 1447 458 1547 principio,
486 1446 577 1547 quod
608 1445 708 1546 paulo
738 1444 842 1535 inira,
861 1462 900 1521 ut
922 1447 1096 1538 diximus,
1124 1471 1166 1523 eit
1188 1471 1255 1548 pro·

144 1562 235 1638 fesso
248 1561 556 1663 propugnabimus,
573 1561 702 1636 scilicet
713 1562 884 1662 principes
903 1561 998 1636 nuiio
1017 1589 1185 1664 umquam
1203 1587 1252 1663 po

144 1678 222 1754 titos
247 1704 325 1754 esse
344 1693 403 1752 aut
423 1677 523 1777 potiri
549 1702 650 1777 posse
677 1678 750 1752 iure
771 1676 805 1748 in
834 1676 1006 1752 uinculum
1036 1677 1250 1765 connubiale,

151 1798 251 1872 etiam
284 1811 382 1898 prout
415 1810 604 1871 contractus
629 1810 683 1871 est
707 1795 890 1886 naturalis,
925 1795 1028 1898 piane
1059 1796 1194 1872 inutilis
1219 1818 1252 1869 ao

144 1912 253 1987 otiosa
286 1911 398 1988 evadit
429 1909 514 1986 hacc
542 1910 764 2012 disceptatio,
793 1938 836 1986 an
861 1907 932 1986 ulia
961 1910 996 1984 in
1023 1936 1066 1987 eo
1091 1910 1139 1987 sit
1167 1937 1252 2012 repa

145 2026 302 2124 gasnau,
330 2041 369 2100 ut
388 2025 582 2098 admittatur
607 2041 677 2099 tum
709 2026 907 2113 eeclesiam,
931 2040 1004 2099 tum
1034 2026 1251 2128 principatum

146 2141 235 2217 circa
259 2139 500 2242 impedimenta
525 2139 683 2241 coniugia
707 2139 965 2218 christianorum
991 2139 1191 2218 dirimentis
1206 2166 1251 2215 ue·

145 2257 237 2357 quali
264 2258 337 2332 iure
360 2256 521 2356 gaudere.

560 2477 768 2539 auricomis
786 2477 839 2538 iii.

157 2652 305 2728 Principes
327 2649 478 2714 christiani
503 2653 672 2712 nuliatenus
692 2652 823 2713 relaxare
841 2651 939 2712 iideies
960 2648 1098 2714 subditos
1119 2658 1232 2731 possunt

217 2748 255 2808 nb
274 2750 485 2826 impedimentis
505 2749 696 2809 christianum
718 2749 937 2810 Matrimonium
956 2748 1174 2813 dirimentibus.

218 2940 348 3015 iamdiu
375 2940 525 3016 obsoleta
549 2942 653 3017 videri
680 2956 807 3043 poterat
832 2942 1003 3030 doctrina,
1033 2956 1139 3044 quam
1165 2968 1248 3042 rega·

145 3057 242 3132 listae
260 3083 298 3131 ac
316 3058 531 3131 iansenianae
549 3059 703 3132 factionis
726 3059 879 3132 homines
905 3079 1203 3158 propugnatorum
1217 3059 1251 3131 de

146 3169 547 3276 principum-auctoritate
565 3174 734 3248 relaxandi
753 3175 1011 3275 impedimenta,
1033 3201 1126 3276 quae
1146 3176 1250 3251 coniu·

145 3291 238 3388 gium
263 3290 483 3364 christianum
510 3291 679 3364 dirimant.
697 3290 761 3363 Sed
787 3318 829 3365 en
855 3292 890 3363 in
916 3316 1053 3364 scenam
1078 3291 1136 3367 his
1162 3290 1251 3367 annis

144 3406 256 3480 denuo
283 3406 431 3507 prodivit
456 3408 710 3521 Napomucenus
728 3407 836 3508 Nuytz
853 3406 1025 3507 professor
1051 3405 1250 3480 taurinensis

145 3520 188 3595 ad
213 3520 365 3595 camdem
390 3521 576 3595 doctrinam
602 3547 641 3594 cx
667 3518 738 3595 suis
764 3520 933 3595 cineribus
965 3521 1249 3596 exsuscitandam.

144 3636 177 3709 is
203 3636 313 3723 enim,
343 3651 378 3708 ut
403 3637 437 3707 in
464 3636 617 3736 pluribus
643 3635 719 3710 aiiis
738 3636 908 3710 doctrinae
926 3636 1099 3736 capitibus
1119 3636 1252 3738 praesti·

143 3767 244 3840 ierat,
273 3752 325 3826 sic
349 3768 382 3826 et
406 3753 440 3824 in
465 3753 529 3826 isto
555 3751 597 3825 de
615 3779 682 3852 quo
700 3752 832 3850 agimus
851 3779 917 3826 non
935 3748 1107 3827 dubitavit
1123 3781 1164 3828 ex
1181 3777 1252 3852 apo

145 3882 231 3939 stata
248 3866 457 3966 Spaiatensi,
479 3867 646 3954 Launoio,
667 3866 848 3956 Febronio,
868 3865 992 3968 aphet,
1015 3868 1125 3956 Litta,
1147 3866 1249 3941 Nestio

145 3981 289 4082 aliisque
314 3982 479 4057 eiusmodi
506 3998 701 4082 argumenta
727 3982 921 4083 depromere
946 3998 981 4056 ut
1008 3983 1179 4058 evinceret
1205 4007 1248 4082 pe

145 4123 207 4170 nes
233 4097 402 4197 principes
429 4113 625 4198 potestatem
643 4125 720 4172 esse
738 4099 908 4173 relaxandi
929 4099 1173 4199 impedimenta
1189 4124 1249 4171 ma*

143 4211 302 4286 trimonii.
319 4213 406 4288 Hinc
419 4216 544 4288 statuit:
560 4214 778 4288 «Dirimantia
791 4216 1033 4316 impedimenta
1047 4241 1067 4288 a
1082 4216 1156 4292 sola
1167 4211 1246 4290 civiti

142 4344 304 4428 potestate
330 4330 476 4405 tollenda
500 4356 737 4430 esso;»quum
761 4356 840 4408 vero
865 4331 1020 4407 doctrina
1051 4332 1138 4410 baec
1161 4328 1246 4406 inerit
