2804 5062
150 357 195 425 98
382 376 498 426 111.11.
521 374 607 424 seor.
628 375 651 422 1.
674 373 712 422 nr
738 373 863 423 rnrssr.
885 367 1012 422 accim.

151 493 409 593 perturbatores.
439 493 554 592 Neque
579 517 657 564 vero
671 507 707 562 ut
731 489 902 589 episcopis
919 489 1046 579 directo
1064 486 1259 563 blandiren-

114 638 120 651 ·
150 626 203 682 tur
226 609 377 706 aggressi
395 607 524 682 suntid
549 605 742 692 ostendere,
767 605 827 678 sed
845 620 883 678 ut
899 603 1005 676 laicae
1031 607 1189 701 potestati
1206 629 1260 702 po

150 724 216 797 tius
234 724 394 798 faverent.
420 722 615 823 Siquidem,
636 737 673 794 ut
685 721 847 820 deinceps
864 718 1076 804 videbimus,
1090 717 1261 792 vindicata

150 837 253 910 semel
277 854 310 911 et
330 853 459 911 asserta
479 836 648 937 episcopis
673 835 738 909 hac
763 834 944 933 facultate,
972 831 1144 932 principes
1168 849 1260 933 pote·

150 968 227 1025 runt
250 951 428 1051 episcopos
441 951 476 1023 in
501 952 636 1052 propria
653 949 781 1024 ditione
794 950 952 1047 degentes
966 972 1084 1044 cogere
1100 945 1145 1019 ad
1166 973 1261 1047 prse-

49 1095 51 1100 ·
150 1064 294 1138 bendam
319 1092 422 1164 quam
447 1082 606 1166 exoptant
628 1064 929 1164 dispensationem.

223 1180 399 1279 Perpetem
424 1205 522 1280 porro
548 1179 705 1253 factiosos
732 1178 795 1251 hos
819 1176 973 1250 homines
990 1173 1118 1249 conniti
1144 1173 1189 1246 sd
1213 1173 1261 1247 el·

142 1292 330 1367 *finiendum
355 1296 446 1394 quod
472 1295 538 1368 sibi
564 1308 833 1393 proposuerunt,
862 1289 959 1363 lacile
989 1288 1180 1362 evincimus
1209 1289 1259 1363 in·

150 1406 306 1481 sistentes
328 1408 485 1482 methodo
510 1425 645 1481 nostrae
669 1433 771 1506 quam
796 1404 960 1479 hactenus
977 1403 1095 1476 sectati
1121 1428 1255 1489 sumus,

150 1536 221 1592 tum
237 1545 278 1593 er
301 1521 377 1621 ipsa
399 1523 446 1595 rei
471 1547 541 1621 qua
561 1520 605 1593 de
621 1520 734 1616 ‘agitur
756 1536 895 1606 natura;
918 1536 988 1592 tum
1014 1542 1055 1591 ex
1079 1515 1259 1591 totiusan·

151 1635 317 1734 tiquitatis
334 1637 556 1711 consensione
567 1652 601 1709 et
614 1635 727 1736 prasi,
744 1651 817 1708 tum
828 1633 975 1733 denique
992 1657 1035 1705 ex
1046 1632 1253 1707 auctoritate.

150 1748 241 1824 llaec
266 1751 464 1849 singillatim
481 1751 673 1827 evolvamus
691 1765 830 1850 oportet.
857 1749 906 1823 Ac
927 1748 1073 1848 primum
1098 1745 1254 1847 quiden,

150 1862 278 1938 nullum
304 1865 357 1938 ius
382 1866 553 1965 episcopis
577 1866 689 1940 inesse
714 1863 892 1950 solvendi,
918 1888 981 1935 seu
1005 1861 1188 1936 amonendi
1203 1861 1258 1935 im

151 1979 343 2077 pedimenta
374 1982 565 2079 coniugium
590 1980 783 2053 dirimentis
812 1978 894 2052 satis
926 2004 966 2050 en
992 1977 1068 2076 ipsa
1098 1975 1258 2052 evincitur

151 2090 227 2164 idea
252 2093 455 2192 episcopalis
480 2094 686 2168 auctoritatis
710 2093 874 2166 limitibus
897 2091 1194 2190 circumscriptae,
1212 2105 1258 2164 at·

150 2231 216 2305 que
241 2207 432 2306 pontificiae
449 2208 636 2283 auctoritati
655 2208 892 2283 subordinatas
908 2265 916 2294 ,
937 2232 977 2280 ac
996 2193 1176 2281 obnoxiae.

220 2321 352 2396 Etenim
375 2349 452 2396 cum
477 2324 520 2398 de
545 2351 582 2397 re
604 2341 722 2422 agatur
747 2351 834 2425 quae
858 2322 902 2397 ad
923 2321 1142 2420 disciplinam
1162 2320 1258 2421 perti·

150 2451 206 2507 net
223 2436 414 2509 universam
438 2437 614 2511 ecclesiam
641 2454 845 2567 spectantem
862 2453 895 2510 et
912 2435 955 2511 ab
972 2435 1092 2511 eadem
1119 2433 1259 2509 ecclesia

146 2549 361 2622 constitutam
374 2549 428 2624 vel
442 2552 667 2649 probatamf
640 2581 670 2625 sn
684 2553 769 2652 ipsis
783 2553 836 2626 ius
851 2553 976 2626 inesset
988 2550 1030 2624 ab
1044 2550 1261 2649 impedimen·

87 2681 94 2691 ·
146 2663 194 2734 tis
216 2661 456 2793 dispensandi,
477 2683 587 2739 actum
611 2684 701 2741 esset
722 2667 766 2739 de
790 2666 1032 2741 iurisdictionis
1055 2663 1259 2778 episcopalis

145 2777 478 2878 circumscriptione,
511 2780 659 2880 deque
649 2809 799 2880 ipsorum
829 2782 1039 2856 subiectione
1072 2780 1260 2856 auctoritati

147 2894 351 2994 pontificiae
374 2897 517 2970 Essent
518 2898 608 2971 enim
631 2898 734 2971 veluti
753 2899 890 2972 'totidem
909 2897 1088 2996 pontifices
1112 2896 1258 2982 summi,

145 3010 207 3110 qni
219 3011 298 3084 iure
311 3011 498 3085 fruerentur
514 3011 685 3087 relaxandi
703 3024 951 3113 quamcumque
963 3012 1071 3110 legem
1082 3013 1262 3086 universa·

144 3125 214 3198 lem
232 3154 292 3226 pro
315 3118 517 3201 universalis
541 3129 705 3202 ecclesiae
729 3129 818 3203 bono
844 3128 1028 3212 sancitam,
1051 3127 1144 3226 quod
1164 3127 1261 3225 abso

144 3266 228 3314 num
246 3243 381 3317 omnino
397 3248 473 3331 est3
501 3244 685 3318 solueretur
701 3245 827 3343 quippe
844 3244 985 3316 unitatis
1009 3241 1261 3317 ecclesiastieae

147 3380 322 3454 compago.
344 3360 479 3432 Frustra
496 3359 778 3434 constituerentur
794 3358 960 3432 eiusmodi
980 3357 1093 3454 leges,
1115 3382 1261 3457 qnae'sx

148 3469 356 3564 singulorum
369 3473 562 3570 praesulum
579 3475 716 3547 arbitrio
735 3474 873 3571 infringi
890 3488 1039 3571 possent.
1055 3473 1201 3547 Possent
1215 3471 1262 3545 in·

148 3582 286 3656 leriores
303 3585 337 3655 in
355 3585 500 3682 legema
516 3589 689 3688 superiore
706 3589 902 3662 auctoritate
926 3588 1090 3661 sancitam
1107 3613 1262 3661 exercere

148 3714 345 3797 potestatem
364 3727 461 3775 secus
480 3728 520 3776 ac
536 3702 620 3776 iuris
638 3719 757 3776 natura
774 3703 857 3775 ierat
878 3705 967 3798 (30),
989 3718 1101 3775 actum
1121 3702 1263 3802 proinde

215 3916 266 3976 (tol
281 3919 317 3965 iis
335 3915 437 3967 ostonis
451 3916 615 3967 ecclesiastica
629 3917 745 3967 norimus
760 3931 810 3967 non
828 3930 907 3981 panes
923 3917 1097 3980 impedimenta
1109 3916 1187 3967 inisse
1197 3915 1263 3981 prins

146 3992 171 4041 in
183 4006 254 4043 cone.
266 3995 458 4058 provincialibus
472 3997 618 4058 comtltuta,
635 4009 698 4059 quac
713 3996 828 4060 deinceps
842 3997 874 4046 ab
892 3996 995 4048 ecclesis
1012 3997 1128 4047 univorsa
1139 3994 1262 4059 prosunt

143 4070 193 4121 ltus
207 4085 270 4123 rom.
283 4073 453 4137 pontificibus,
473 4078 569 4138 recepta
586 4077 661 4139 sunt·
652 4071 706 4125 ·de
720 4076 771 4126 illis
795 4076 953 4127 oecumenica
970 4075 1076 4126 concilia
1091 4087 1199 4127 ennom
1212 4071 1262 4127 «tt

142 4149 224 4210 ϋηο,
243 4164 273 4201 sc
293 4166 355 4204 rom
376 4155 586 4218 mmmmm.
603 4156 803 4219 pnoertimxi.
815 4158 907 4205 atxtl.
919 4153 1261 4218 responsnetdecretmi·

143 4231 221 4293 ϋηο,
240 4233 354 4284 11111Ι111111
376 4238 500 4299 praem
520 4235 615 4299 11111111
634 4235 666 4286 ab
687 4236 850 4287 oecumenicis
869 4237 980 4287 conditis
998 4236 1106 4299 primunr
1130 4235 1262 4287 coestltnta

147 4311 235 4374 luisse,
247 4317 275 4363 ut
291 4327 306 4364 s
322 4314 512 4366 lateranensibus
528 4329 568 4365 an
588 4322 654 4367 ttts.
667 4316 807 4366 subinnoc
820 4318 851 4365 ΙΙ.
862 4319 887 4365 ct
907 4323 974 4366 ttts
986 4316 1033 4366 sub
1048 4315 1260 4374 innwttolltc
