2804 5062
198 387 488 450 canusarors's.
502 401 606 451 seruc.
620 402 1003 455 uncinumacuarsr.
1017 403 1088 455 aar.
1106 406 1154 457 ur.
1185 387 1251 456 tat

212 515 326 591 Altera
350 508 539 592 coniectura
563 517 778 607 eliminatur,
802 516 952 622 spectata
976 524 1098 621 agendi
1126 525 1255 600 ratione

140 655 243 731 quam
261 631 348 705 alias
367 633 476 706 tenuit
493 633 583 706 idem
604 633 802 732 Philippus,
823 636 882 734 qui
900 635 984 708 nihil
1006 635 1165 710 obstante¹
1177 665 1257 738 pro-

140 745 305 853 missione
322 746 427 835 lecta,
445 748 621 821 iterumad
638 749 814 847 pristinam
833 751 931 823 rediit
948 752 1234 827 conversationem
1242 776 1254 842 3·

140 862 246 936 nimio
262 863 352 936 enim
372 855 444 936 erat
458 881 578 938 amore
598 881 719 965 captus
740 893 819 961 erga
832 862 1047 955 bertradam
1067 868 1114 940 nil
1132 870 1255 944 mirum

139 976 283 1076 proinde
295 977 325 1051 si
339 976 440 1051 etiam
463 994 539 1079 post
557 968 727 1052 obtentam
751 979 995 1056 absolutionem
1009 1009 1049 1057 ac
1062 984 1257 1083 praestitum

138 1089 376 1166 iusiurandum
402 1094 539 1168 redierit
559 1095 602 1168 ad
627 1096 802 1169 vomitum.

213 1207 326 1281 Tertia
345 1209 444 1283 lecile
460 1202 605 1283 diluitur
620 1237 661 1284 ex
682 1211 744 1298 iia,
763 1213 913 1312 quaeda
933 1214 1063 1289 artibus
1077 1215 1259 1289 bertradae

138 1320 295 1396 scribunt
316 1322 519 1411 Ordericus,
540 1342 573 1399 et
588 1325 756 1423 ¹Sugerus.
784 1327 1011 1428 «versipellis
1037 1328 1178 1417 mulier,
1206 1329 1260 1401 iu·

137 1439 215 1538 quit
233 1438 437 1529 Oualericus,
467 1441 555 1514 inter
578 1439 699 1514 rivales
724 1441 927 1517 simultatem
954 1443 1180 1543 compescuit,
1210 1439 1260 1515 iuss

136 1553 307 1654 genioque
324 1580 387 1628 suo
401 1555 434 1627 in
449 1570 575 1628 tantam
590 1580 707 1654 pacem
724 1581 783 1629 eos
801 1556 1067 1655 compaginavit,
1089 1573 1127 1630 ut
1143 1556 1257 1657 splen-

138 1668 260 1772 didum
277 1670 328 1743 eis
348 1671 537 1745 conuiuium
557 1686 787 1771 praepararet,
804 1688 837 1744 et
851 1688 927 1772 apte
940 1688 1038 1771 prout
1053 1671 1178 1770 placuit
1191 1671 1268 1756 inis,

137 1783 351 1858 ministraret
375 1787 517 1880 (137).»
534 1786 682 1882 Sugerus
708 1811 787 1858 vero
814 1785 930 1858 addit:
954 1785 1257 1882 «Andagavensem

138 1883 288 1998 priorem
305 1899 481 1988 maritum,
498 1897 578 1971 licet
590 1915 662 1971 toro
676 1898 813 1973 omnino
830 1899 1064 1999 repudiatum,
1085 1899 1131 1971 ita
1148 1897 1260 1971 molli-

140 2013 302 2087 ficaverat
321 2002 537 2109 (bertrada),
555 2028 593 2085 ut
602 2036 676 2085 eam
695 2029 867 2112 tamquam
888 2012 1058 2086 dominam
1082 2038 1260 2086 venerare·

138 2141 213 2214 tur,
227 2143 263 2198 et
275 2125 422 2200 scabello
436 2127 558 2226 pedum
577 2126 651 2199 eius
670 2127 806 2227 saepius
826 2127 1000 2213 residens,
1019 2126 1101 2199 acsi
1122 2127 1262 2224 praesti-

138 2242 199 2340 gio
217 2242 311 2316 lieret
326 2243 490 2316 voluntati
509 2242 584 2315 eius
601 2243 738 2316 omnino
756 2242 997 2342 obsequeretur
1012 2241 1259 2338 (tattaouod

137 2383 221 2432 vcro
237 2373 369 2458 spectat
385 2359 428 2433 ad
447 2358 587 2432 clericos
600 2385 640 2431 ac
652 2384 807 2458 proceres
822 2359 879 2457 qui
895 2359 1035 2431 honoris
1049 2382 1089 2430 ac
1102 2357 1257 2458 obsequii

139 2473 448 2572 significationibus
462 2473 655 2574 Philippum
676 2500 786 2571 regem
809 2475 1019 2573 exceperint,
1043 2473 1164 2546 mirum
1181 2497 1260 2547 esso

139 2607 209 2664 uon
227 2589 329 2662 debet
345 2581 606 2689 post'obtcntam
624 2589 725 2661 abeo
743 2588 1000 2662 absolutionem.

216 2706 344 2792 Quarta
368 2705 560 2788 coniectura
583 2731 624 2776 en
649 2706 780 2802 rapinae
806 2703 1056 2803 appellatione,
1086 2731 1175 2805 quae
1209 2705 1261 2777 io-

140 2819 274 2894 terdum
299 2846 320 2891 a
344 2818 516 2892 nonnullis
537 2819 724 2891 'bertradae
754 2819 877 2891 tributa
906 2818 1026 2906 luerit,
1054 2818 1258 2919 desumpta,

140 2934 314 3009 disiicitur
331 2936 360 3008 si
379 2935 464 3007 ratio
484 2934 649 3006 habeatur
672 2935 912 3007 assentationis
937 2960 1017 3031 erga
1044 2933 1256 3033 Philippum,

141 3051 202 3152 qui
227 3050 322 3123 illam
340 3051 398 3122 -uti
428 3042 611 3147 legitimam
638 3075 774 3121 uxorem
801 3049 917 3121 haberi
943 3048 1087 3121 uolebat.

176 3184 178 3188 ’
217 3167 372 3240 Ceterum
390 3191 452 3237 nec
469 3165 556 3238 levia
574 3190 635 3237 nec
653 3189 760 3263 pauca
773 3178 852 3236 sunt
865 3162 1076 3249 documenta,
1092 3190 1180 3264 quae
1197 3163 1261 3238 has

140 3283 281 3383 penitus
306 3280 486 3354 destruunt
508 3281 728 3354 coniecturas.
750 3277 882 3350 Etenim
909 3282 944 3348 l.
962 3304 1058 3350 nemo
1075 3295 1128 3351 est
1144 3304 1183 3351 ex
1202 3305 1263 3352 an-

140 3398 250 3498 tiquis
264 3396 498 3496 scriptoribus,
512 3396 573 3495 qui
587 3396 684 3467 toties
698 3394 800 3466 locuti
815 3409 894 3466 sunt
905 3392 949 3466 da
964 3392 1175 3467 absolutione
1184 3393 1264 3466 Phi-

140 3511 247 3612 lippi,
268 3511 327 3610 qui
345 3512 548 3583 mentionem
567 3509 697 3581 inliciat
715 3508 760 3580 de
779 3507 858 3580 data
878 3507 1128 3604 dispensatione.
1143 3510 1177 3578 2.
1192 3507 1263 3581 lmo

138 3653 183 3700 ex
209 3625 430 3724 rationeque
456 3625 604 3696 referunt
628 3624 740 3695 datam
766 3621 1031 3711 absolutionem,
1059 3623 1262 3696 contrarium

140 3742 259 3844 potius
281 3741 482 3827 ostendunt;
504 3740 553 3812 sic
570 3740 660 3812 enim
678 3738 854 3812 Aimoinus
873 3737 1010 3812 scribit:
1034 3738 1171 3825 «Quam
1190 3765 1264 3812 scu·

141 3857 285 3932 tentiam
306 3855 579 3952 (anathematis)
602 3882 677 3943 rex,
699 3872 809 3927 motus
831 3854 944 3926 divina
971 3855 1097 3952 gratia,
1119 3854 1260 3942 timeus,

140 3992 176 4048 et
187 3972 235 4048 cd
249 3974 422 4045 terminum
439 3973 526 4044 citce
541 3997 619 4043 auce
632 3972 875 4068 propinquans,
893 3969 1047 4069 resipuit,
1062 3969 1264 4069 veniamque

217 4195 285 4255 (137)
305 4195 406 4242 uuum.
421 4190 564 4242 ecclesiast.
577 4191 620 4240 lib.
632 4193 698 4240 vtlt.
709 4191 749 4240 cd,
762 4191 890 4241 omnem
901 4192 982 4242 Luleh
990 4189 1067 4240 Paris.
1084 4197 1151 4242 1⁶19.
1163 4198 1252 4255 pata.

218 4274 287 4336 (rra)
305 4275 345 4323 oe
356 4275 414 4323 urta
424 4271 651 4322 mansuetorum
666 4278 734 4336 ree
750 4270 816 4337 usuc
832 4271 973 4335 mcum,
989 4273 1057 4322 aot.
1066 4270 1259 4338 struerem

138 4355 259 4408 utana
271 4358 341 4406 1611.
354 4356 470 4406 lcum.
482 4367 507 4418 p.
519 4360 564 4405 191
575 4366 628 4415 seq.
