2804 5062
232 379 301 429 cir.
323 379 345 428 r.
368 377 444 428 ess.
466 379 537 428 rusa
564 377 688 429 rorrsr.
711 379 837 431 socias.
859 381 930 435 aar.
952 383 999 434 ur.
1130 364 1174 436 st

66 499 227 584 humana,
245 499 439 597 imo'neque
452 497 487 569 in
500 498 604 571 veteri
619 496 693 596 lege
709 498 839 588 diviua,
856 517 892 576 at
904 501 1013 575 solum
1028 504 1062 576 in
1076 529 1178 580 evan-

67 613 169 711 geliea
189 613 452 714 perpetuitatem
469 611 561 684 illam
583 613 770 712 reperimus
788 615 823 687 iu
841 617 1070 708 matrimonio,
1091 646 1179 721 quae

65 728 249 801 adstruitur
273 742 308 799 et
331 742 485 799 seruatur
511 725 546 797 in
571 726 714 801 ecclesia
742 727 893 818 Christi,
918 754 958 804 eo
986 731 1062 830 ipso
1087 733 1177 834 quod

63 842 202 916 ecclesia
225 859 398 940 tamquam
416 867 533 914 verum
555 842 796 943 propriumque
817 861 1064 919 sacramentum
1093 847 1178 922 fide-

61 959 136 1032 lium
152 985 298 1032 suornm
312 957 506 1055 coniugium
521 957 676 1031 hahuerit
687 959 835 1033 reserens
848 977 1044 1060 perpetuam
1051 963 1177 1039 Christi

59 1101 133 1147 oum
157 1073 305 1147 ecclesia
323 1074 606 1147 coniunctionem.
620 1074 717 1159 Quod
735 1075 765 1146 si
783 1075 954 1149 uinculum
968 1077 1117 1177 nuptiale
1132 1079 1179 1152 ei·

62 1189 168 1263 iectus
191 1189 412 1262 immediatus
430 1206 482 1263 est
498 1215 538 1262 ac
557 1216 611 1263 res
632 1191 855 1277 sacramenti,
880 1206 971 1290 patet
990 1191 1073 1265 illud
1094 1193 1178 1268 nulli

60 1304 235 1378 subiacere
264 1304 423 1404 potestati
449 1305 516 1377 uisi
543 1303 613 1391 illi,
636 1304 691 1377 cui
714 1330 733 1377 a
753 1303 887 1378 Christo
916 1307 1098 1379 commissa
1126 1324 1179 1382 est

61 1417 262 1492 sacramenti
289 1417 399 1517 ipsius
426 1417 610 1493 moderatio
636 1435 737 1517 atque
758 1416 1028 1507 administratio,
1058 1446 1178 1522 nempe

61 1532 235 1605 ecelesiae.
263 1530 351 1603 Hinc
373 1531 563 1605 videbimus
589 1559 610 1605 a
635 1531 708 1606 sola
729 1531 873 1606 ecelesia
899 1532 1092 1607 dirimentis
1117 1534 1178 1610 im·

61 1647 255 1745 pedimenta
275 1647 434 1720 constitui
454 1673 573 1746 posse;
588 1647 928 1748 ‘ipsumquaudoque
944 1648 1116 1722 vinculum
1133 1648 1178 1723 ab

61 1762 202 1837 eclesia
230 1761 316 1837 solvi
340 1762 376 1836 in
397 1764 634 1851 matrimonio,
663 1790 729 1839 nou
760 1765 897 1865 quidem
923 1781 1172 1854 consummato,

62 1878 148 1978 quod
179 1878 321 1954 omnino
343 1895 395 1953 eet
415 1879 668 1966 indissolubile,
695 1879 755 1952 sed
778 1880 813 1953 in
839 1879 1053 1953 matrimonio
1076 1895 1174 1967 rato,

63 1993 101 2065 oli
127 1993 313 2068 solemnem
340 1994 519 2092 religiosae
534 1996 625 2069 vitae
642 1994 907 2093 professionem,
929 2009 1031 2095 atque
1049 1993 1117 2068 slis
1132 1993 1177 2069 ab

64 2108 204 2182 eeclesia
224 2110 492 2209 praetereaiieri
516 2136 638 2211 posse,
667 2126 701 2182 et
721 2109 807 2183 lacta
828 2135 923 2198 esse,
950 2136 1038 2209 quae
1063 2110 1175 2210 ipsum

62 2223 231 2298 vinculum
258 2225 457 2325 respiciunt.

127 2341 276 2440 lnsuper
299 2341 471 2415 vinculum
499 2342 674 2440 coniugale
691 2342 734 2416 ob
754 2343 932 2442 mysticam
957 2341 1175 2439 significatio·

62 2481 131 2529 nem
152 2483 261 2556 quam
282 2457 486 2557 praesefert,
515 2485 670 2558 quaeque
694 2458 816 2556 iugiter
841 2456 1029 2556 completur
1051 2482 1113 2557 per
1129 2454 1179 2529 le-

62 2570 214 2666 gitimum
242 2571 391 2669 coniugii
418 2599 518 2647 usum
546 2576 635 2670 (33),
656 2573 774 2647 haberi
795 2572 914 2661 debet,
935 2589 974 2646 ut
989 2599 1041 2646 rea
1057 2598 1175 2658 mero,

62 2746 98 2796 ubi
108 2748 220 2798 etmarit
234 2749 420 2799 matrimonium
432 2749 463 2801 ad
474 2763 527 2802 esse
538 2751 696 2814 sacramenti,
709 2752 733 2801 et
744 2751 771 2800 ut
782 2749 974 2818 repraesentaret
983 2748 1181 2801 indissolubilem

62 2828 152 2879 christi
164 2842 210 2894 per
220 2841 321 2880 esrumu
332 2843 390 2880 sum
402 2831 505 2881 eccleis
518 2831 658 2882 unionem.»
667 2831 721 2881 mu.
735 2833 766 2881 ii.
779 2833 818 2883 De
828 2832 945 2882 matrim.
958 2829 1022 2894 disp.
1036 2836 1073 2881 ts.
1085 2832 1179 2881 verum

60 2906 88 2957 tie
97 2909 144 2959 hoe
153 2912 303 2973 argumento
315 2909 412 2973 plenius
422 2924 522 2974 agemus
533 2912 559 2961 in
568 2911 612 2962 lib.
623 2914 667 2962 lii.

130 2990 183 3052 (ss)
200 2989 272 3040 Lissi
285 2989 393 3052 theologi
409 3004 495 3041 omnes
508 2990 614 3042 domant
622 2991 653 3041 ad
665 2992 795 3042 essentiam
807 2989 958 3042 matrimonii
973 2989 1084 3041 suitloere
1099 2990 1181 3041 solum

61 3067 262 3118 maniatium
283 3081 430 3119 comessum
448 3069 529 3120 serbis
540 3068 572 3119 de
584 3071 705 3134 praesenti
724 3071 849 3135 utrimque
863 3082 1019 3135 expressum,
1029 3067 1181 3119 intenturta·

63 3159 116 3196 msa
129 3147 245 3199 eiusdem
262 3150 499 3200 consummationem
511 3150 621 3201 conterre
630 3151 662 3201 ad
672 3151 807 3215 pleniorem
817 3151 1018 3214 signiticatiunam
1029 3146 1180 3199 mninuctiu·

64 3227 101 3275 sis
111 3227 203 3277 christi
213 3240 272 3277 curn
284 3228 386 3279 eeclesia
395 3229 427 3279 ob
438 3231 540 3280 naturae
551 3230 756 3281 conformitatem.
766 3231 831 3281 iiiuc
841 3229 966 3280 mmmuni
977 3226 1073 3278 calculo
1082 3224 1183 3277 uadunt

64 3305 217 3370 musei,
228 3308 415 3359 matrimonium
427 3309 545 3373 dignitate
555 3310 638 3361 minus
649 3309 749 3374 quidem
759 3322 813 3361 esse
823 3309 912 3359 ceteris
926 3305 1097 3367 sacramentis,
1107 3304 1181 3369 signi·

63 3384 175 3438 wdone
191 3388 276 3438 umen
293 3388 350 3438 aliis
367 3391 498 3452 praestare.
512 3391 668 3454 Quapropter
679 3389 705 3438 in
715 3387 904 3439 Commentariis
914 3386 940 3436 iu
948 3385 1006 3436 dist
1018 3392 1058 3436 is.
1067 3383 1126 3435 libri
1138 3385 1181 3438 iv.

66 3468 174 3517 soient.
186 3470 312 3530 quaeruut
322 3470 405 3519 utrum
417 3470 522 3519 carnaiis
532 3469 677 3519 commixtio
684 3468 717 3519 sit
724 3468 756 3519 de
765 3468 902 3532 integritate
911 3465 1071 3530 matrimonii,
1079 3476 1183 3529 eamque

63 3549 234 3607 omnem
249 3547 376 3598 resolvunt
393 3548 547 3600 affirmative.
558 3549 634 3599 Nobis
651 3549 711 3598 satis
730 3548 764 3599 sit
784 3547 966 3599 conclusionem
978 3547 1181 3598 alternesiions·

63 3629 181 3678 venturae
191 3629 217 3678 in
230 3629 274 3678 cit
285 3629 348 3679 Dist.
362 3637 386 3680 2.
399 3637 422 3681 a.
435 3631 545 3694 «Copula
558 3628 664 3680 carnaiis
674 3642 724 3679 non
737 3630 775 3680 est
785 3629 816 3679 de
825 3629 964 3692 integritate
974 3627 1119 3680 memmenti
1130 3637 1181 3674 ms·

64 3707 172 3758 innomi
181 3745 190 3772 ,
200 3711 335 3774 wantum
344 3709 381 3759 od
394 3723 448 3761 esse
462 3713 632 3771 securitatis,
640 3709 687 3761 sed
695 3710 781 3761 solum
791 3712 922 3775 quantum
931 3709 967 3761 ud
977 3721 1031 3760 ease
1041 3705 1184 3770 completis

64 3789 112 3836 sia.
121 3789 151 3838 ln
161 3789 324 3840 matrimonio
336 3790 523 3842 musiderautur
532 3792 593 3842 haec
602 3791 666 3854 tria,
677 3790 771 3842 seilicet
782 3790 893 3855 mgnum,
905 3790 1024 3849 otiolum,
1035 3784 1179 3836 remedium.

65 3867 188 3923 Qum
198 3869 231 3919 ad
243 3869 462 3933 significationem,
479 3870 611 3921 dicendum
624 3869 691 3934 qnod
707 3869 796 3934 duplex
811 3872 851 3920 eat
861 3869 914 3920 eius
923 3866 1081 3932 significatio:
1093 3860 1184 3928 signiti-

63 3950 101 3998 as
117 3949 184 4000 enim
199 3950 507 4002 mandanaucensi
527 3953 553 4002 et
568 3951 686 4002 eoeiesiae
704 3964 748 4015 per
768 3949 925 4001 mutinum:
943 3951 968 3998 et
986 3944 1182 3996 coniunctionem

64 4029 205 4081 aarum
214 4044 261 4095 per
268 4034 373 4083 naturae
383 4031 738 4084 conformitatem....1’rimum
747 4030 823 4095 igitur
833 4030 966 4093 amatum
973 4029 999 4078 et
1010 4026 1118 4090 primum
1130 4023 1184 4074 citi·

62 4108 285 4177 dmstprimsn
294 4112 431 4164 wem
439 4112 531 4163 sustin
538 4113 692 4163 mammio
700 4109 852 4162 matrimonii
862 4110 982 4173 quantum
991 4106 1022 4157 ad
1032 4104 1183 4158 muiuuetto

63 4199 118 4239 sesi
132 4190 285 4242 timemur.
302 4191 443 4243 mudum
461 4192 501 4242 eat
518 4191 599 4242 solum
615 4192 737 4255 onmium
747 4189 779 4242 sd
788 4187 988 4240 comancttmem
1000 4196 1141 4250 corporum.
1153 4184 1185 4233 m

63 4266 168 4328 rhem
178 4271 218 4320 est
228 4269 262 4321 ds
272 4269 412 4320 subustis
423 4269 573 4321 matrimonii
585 4271 718 4335 marum
733 4267 769 4319 ud
788 4279 843 4319 esre
856 4263 1188 4319 sommariumsmuudum

65 4350 195 4408 mian
206 4350 246 4401 mi
258 4362 315 4402 scre
325 4350 463 4416 pienum.»
