2804 5062
145 371 213 448 ³02
385 394 446 447 um.
469 393 503 446 tt.
525 392 612 445 secr.
633 394 657 445 1.
678 391 719 446 nr
745 391 870 445 ronam.
895 393 1023 447 sames.

141 515 295 592 nedictus
320 512 403 587 xtt.
421 515 624 616 principium
650 513 715 587 hoc
741 514 871 614 respuit
893 513 986 590 velut
1011 518 1179 613 ineptum.
1200 513 1250 588 «Si

142 630 306 734 quidem,
334 631 382 704 ait
407 630 504 730 ipse,
537 628 596 703 alii
622 628 723 728 longe
749 626 865 728 plures
891 627 1070 718 doctores,
1099 656 1190 730 quos
1214 657 1255 704 re

142 739 257 823 censet
273 762 306 821 ot
322 745 476 848 sequitur
490 745 643 819 Sanchez
660 745 722 818 lib.
741 745 784 817 ll.
801 744 852 819 De
868 760 966 820 matr.
983 744 1079 845 disp.
1097 749 1135 818 9.
1152 748 1255 821 existi·

143 878 257 950 mant,
284 860 555 947 matrimonium,
584 860 676 961 quod
694 861 758 934 fuit
778 859 930 934 validum
956 859 1068 934 solum
1086 861 1122 933 in
1139 864 1256 938 ratione

143 991 355 1063 contractus,
384 1001 487 1076 posse
515 976 639 1050 deinde
670 976 845 1057 renovari,
874 992 908 1050 et
937 977 1079 1077 assequi
1110 979 1255 1052 virtutem

144 1092 367 1179 sacramenti,
392 1118 461 1193 qua
486 1092 581 1192 prius
605 1094 713 1167 ceruit
729 1094 845 1189 (20).»

218 1208 275 1281 Sic
292 1207 378 1281 nihil
395 1207 519 1295 elficit,
536 1234 740 1282 consensum
754 1233 794 1282 ac
808 1206 949 1307 proinde
966 1225 1182 1283 contractum
1200 1211 1253 1282 ian

144 1323 253 1397 fuisse
270 1337 488 1408 trcmcctum,
510 1337 757 1397 sacramentum
775 1349 854 1397 vero
872 1323 1045 1423 requirere
1062 1350 1251 1400 consensum
1282 1321 1283 1324 '

144 1453 178 1513 et
193 1453 401 1512 contractum
417 1452 638 1536 praesentem
654 1463 733 1510 nam
751 1437 865 1538 reipsa
881 1436 963 1510 dum
982 1437 1143 1514 infideles
1156 1439 1251 1514 coniu-

144 1579 205 1654 ges
218 1552 262 1628 ad
275 1551 482 1652 baptismum
495 1551 672 1640 accedunt,
691 1551 967 1654 constituuntque
980 1553 1016 1626 in
1029 1568 1188 1630 anteacto
1199 1579 1248 1628 ma-

145 1667 303 1745 trimonio
320 1666 518 1768 persistere,
538 1667 599 1742 sed
617 1666 806 1744 christiano
822 1693 933 1757 more,
959 1667 1025 1744 hoc
1042 1669 1123 1769 ipso
1142 1695 1245 1745 nomm

116 1869 118 1873 ⁸
147 1776 384 1884 quadantenus
401 1807 604 1859 consensum
621 1782 802 1883 praebent,
827 1807 983 1884 noveque
1005 1785 1138 1860 ratione
1162 1798 1244 1887 prate

148 1898 249 1974 n'tum
274 1913 481 1973 contractum
507 1899 716 1999 instaurant;
744 1897 849 1973 multo
872 1924 951 1974 vero
975 1901 1090 2000 magis
1107 1902 1137 1976 si
1154 1899 1243 1978 verbis

145 2014 248 2088 etiem
264 2013 308 2088 de
324 2013 494 2115 praesenti
512 2013 548 2086 id
565 2029 748 2113 praestent.
762 2012 916 2089 Ceterum
930 2041 1034 2116 posse
1046 2019 1240 2118 praeteritum

146 2132 276 2207 iamdiu
291 2158 496 2210 consensum
514 2150 616 2237 capue
628 2152 833 2213 contractum
845 2136 1021 2211 materiam
1035 2136 1193 2211 exhibere
1203 2159 1241 2208 sa·

147 2266 319 2326 cremento
342 2249 387 2325 de
410 2277 479 2353 quo
504 2251 706 2328 disserimus
731 2252 867 2328 abunde
890 2253 997 2356 liquet
1020 2280 1063 2328 ex
1087 2278 1147 2340 eo,
1173 2247 1239 2352 quod

146 2365 277 2440 iamdiu
302 2366 429 2467 pariter
454 2368 597 2443 remissa
621 2385 759 2471 peccata
788 2370 921 2470 possint
952 2369 1074 2443 iterum
1105 2365 1240 2443 ccclesiae

146 2481 299 2556 clavibus
317 2482 459 2571 subiici,
480 2509 520 2556 ac
538 2485 711 2560 materiam
730 2483 972 2570 absolutionis,
988 2511 1050 2558 seu
1065 2477 1238 2559 sacramenti

148 2597 374 2696 poenitentiae
398 2597 579 2696 praebere,
609 2625 782 2687 necnon,
811 2615 848 2673 ut
874 2598 1067 2687 innuimus,
1095 2598 1195 2700 liquet
1212 2620 1238 2666 et

148 2736 318 2785 consensu
348 2713 567 2788 conditionali
600 2715 680 2788 olim
710 2715 810 2802 dato,
844 2712 1017 2787 verificata
1049 2714 1236 2792 conditione

149 2826 256 2927 liquet
281 2827 422 2928 insuper
446 2856 487 2902 ex
511 2846 588 2904 voto
614 2829 779 2930 simplici,
800 2829 891 2931 quod
909 2856 970 2930 per
991 2830 1144 2904 eiusdem
1165 2831 1239 2902 itera·

148 2943 273 3018 tionem
299 2960 408 3044 potest
433 2947 467 3018 in
493 2946 643 3020 solemne
668 2947 827 3035 transire,
856 2946 1001 3047 aliisque
1025 2945 1199 3021 eiusmodi.

221 3059 394 3161 Expeditis
409 3064 603 3162 praecipuis
617 3064 712 3137 hisco
725 3062 999 3150 difficultatibus,
1017 3063 1144 3163 quibus
1158 3075 1240 3163 poste

150 3175 218 3249 rior
242 3160 456 3276 quatieliatur
487 3179 671 3268 sententia,
705 3179 857 3252 eiusdem
891 3177 1043 3251 asseclae
1074 3204 1094 3252 a
1127 3173 1242 3278 reliquit

148 3290 289 3367 faciliori
316 3292 428 3367 adhuc
453 3295 583 3370 ratione
600 3294 853 3395 scalpellum,
877 3293 920 3367 ad
939 3293 1023 3366 illud
1040 3295 1157 3396 itaque
1173 3285 1242 3395 quod

148 3406 216 3481 duo
242 3407 343 3480 simul
368 3409 612 3484 conficerentur
640 3425 870 3497 sacramenta,
905 3409 1065 3482 nimirum
1097 3410 1245 3511 baptisma

149 3539 182 3597 et
212 3523 485 3611 matrimonium,
522 3543 712 3625 reponunt,
745 3526 886 3599 alterum
919 3542 1169 3600 sacramentum
1197 3546 1245 3597 noc

147 3664 310 3738 exurgere
337 3641 420 3739 quin
452 3640 546 3740 prius
572 3647 639 3714 iam
670 3641 833 3728 extiterit,
862 3641 915 3715 sin
947 3640 1061 3715 minus
1095 3657 1242 3741 temporo,

149 3751 268 3828 saltem
295 3753 424 3827 ratione
449 3770 482 3827 ct
507 3770 627 3829 natura
652 3757 814 3830 anterius.
843 3754 893 3827 Ad
921 3755 1099 3856 paritatem
1116 3782 1194 3830 vem
1208 3775 1246 3854 pe·

150 3869 244 3943 titam
271 3896 292 3942 a
316 3869 488 3969 baptismo
513 3887 546 3946 et
570 3871 697 3946 carnali
717 3871 838 3972 copula
855 3872 898 3946 ed
917 3870 1148 3946 inducendam
1164 3864 1247 3947 omni·

149 3984 285 4060 modam
295 3986 503 4073 firmitatem,
521 4014 582 4064 seu
596 3989 927 4064 indissolubilitatcm
941 3988 1151 4079 absolutam,
1168 3979 1245 4090 quati

220 4187 271 4251 (2⁰)
287 4190 326 4238 Dr
340 4201 397 4254 tyrs.
407 4189 489 4242 dioec.
500 4190 544 4243 lib.
555 4193 622 4243 v111.
633 4205 687 4257 cap.
698 4195 764 4244 xffl.
776 4207 801 4245 n.
811 4201 834 4246 s.
842 4192 881 4246 ct.
891 4193 1000 4245 Smohea
1008 4194 1035 4244 ln
1046 4193 1095 4245 loc.
1104 4195 1145 4245 hic
1154 4188 1244 4244 attat

148 4268 174 4317 at
182 4273 206 4318 o.
216 4267 258 4319 ubl
268 4268 348 4321 solide
357 4269 384 4321 id
393 4271 499 4336 crinein
511 4284 558 4324 nec
572 4286 622 4324 non
638 4274 768 4339 Theophll.
780 4274 942 4338 Raynaudum
959 4275 985 4325 in
995 4273 1165 4328 arteartttts
1177 4264 1244 4337 Μ·

150 4358 203 4409 nar.
214 4348 246 4398 tt.
256 4351 347 4412 punem
355 4352 420 4403 xlv.
432 4354 495 4418 opp.
506 4351 547 4405 ed.
559 4352 672 4417 lugdun.
687 4360 754 4406 test.
763 4356 825 4406 tom.
837 4356 902 4407 ΠΙ.
914 4366 971 4419 pag.
982 4361 1035 4406 tto.
