2828 5054
149 349 206 418 8⁰·
378 371 439 421 ιιι.
461 370 496 420 ιι.
517 369 603 419 ιιοι.
625 369 647 418 ι.
670 369 708 417 nn
728 367 852 418 roresr.
876 367 1001 419 noctes.

143 515 224 587 pom
243 491 454 560 consensione.
472 488 643 586 Siquidem
663 503 831 584 receptum
849 503 918 574 est,
939 503 976 560 ut
993 511 1067 559 cum
1087 487 1167 584 quis
1185 487 1250 560 lor-

147 603 271 676 mulam
285 603 328 676 ad
342 604 441 676 finem
455 603 600 704 aliquem
615 601 768 675 idoneam
783 604 955 688 invenerit,
975 602 1065 676 illico
1078 628 1099 675 a
1112 604 1249 703 scripto

148 744 221 791 rum
240 718 341 816 vulgo
357 745 397 792 ea
413 719 604 819 arripiatur,
617 735 650 791 et
662 718 743 818 quin
762 719 836 791 eius
854 718 998 791 valorem
1014 718 1251 818 perpenderint

148 851 246 933 atque
263 833 306 906 ad
324 835 479 908 trutinam
497 836 737 921 revocaverint,
755 834 837 907 alter
858 834 901 908 ah
918 834 1021 908 altero
1036 861 1112 908 earn
1128 839 1252 910 exscri-

148 948 205 1021 bat
229 973 268 1022 ιο
293 965 419 1049 repetat
438 950 541 1024 veluti
566 950 697 1023 axioma
719 951 966 1022 inconcussum.

221 1062 323 1160 lgitur
346 1064 539 1163 pervulgata
565 1064 729 1138 eiusmodi
756 1062 895 1136 formula
921 1090 986 1136 non
1011 1081 1063 1136 est
1088 1065 1154 1138 nisi
1181 1066 1250 1166 pal-

148 1175 230 1249 lium
243 1176 285 1250 ad
299 1179 471 1275 tegendam
488 1178 659 1251 honestius
676 1179 914 1278 turpitudinem
933 1178 1068 1251 alterius
1088 1179 1251 1256 formulae

148 1318 249 1391 quam
275 1295 403 1392 primus
428 1295 571 1367 adscivit
594 1295 773 1380 launoius,
802 1294 882 1366 dum
907 1310 1103 1393 potestatem
1121 1296 1166 1369 de
1183 1322 1251 1396 qua

149 1406 316 1506 loquimur
331 1409 463 1482 vocavit
478 1409 703 1482 audacissime
715 1410 864 1482 encletice
880 1412 1123 1507 usurpationem
1134 1412 1248 1506 (tot).

149 1521 232 1594 Cum
257 1548 335 1596 vero
356 1523 495 1596 nimium
514 1526 548 1594 in
566 1551 622 1598 ore
648 1525 802 1597 catholici
830 1525 1002 1624 scriptoris
1029 1528 1254 1624 nscrpctchnit

149 1660 212 1711 vox
238 1662 337 1711 aures
367 1639 587 1739 percelleret,
617 1639 780 1712 mitiorem
809 1640 984 1712 formulam
1008 1639 1255 1714 substituerunt

151 1755 244 1825 tociti
265 1754 316 1826 uel
340 1757 487 1852 expressi
505 1757 693 1853 princepum
717 1781 899 1827 consensus.
920 1756 1038 1828 Verum
1060 1781 1115 1828 res
1135 1756 1253 1831 eodem

151 1866 286 1955 recidit,
309 1893 417 1969 neque
438 1868 548 1943 minus
570 1870 732 1943 iniuriosa
750 1869 912 1944 ecclesiae
929 1886 998 1957 est,
1014 1895 1118 1970 quam
1131 1869 1248 1945 altere.

152 1981 248 2067 Quod
267 2000 304 2056 ut
324 1984 516 2058 evincamus
536 1985 618 2058 satis
640 2001 691 2058 est
709 1984 860 2087 intimius
881 1983 980 2056 istius
1003 1983 1168 2058 formulae
1186 1986 1254 2058 vir·

152 2112 253 2170 tutem
275 2098 386 2170 rimari
408 2126 446 2172 ex
467 2100 733 2198 adversariorum
755 2115 875 2172 mente.

224 2213 397 2287 Nemeum
416 2213 644 2302 intellexerint,
665 2241 703 2288 se
719 2215 811 2288 nulla
836 2240 973 2313 prorsus
999 2216 1128 2290 ratione
1154 2243 1253 2317 posse

154 2355 261 2429 neque
278 2355 319 2401 ex
338 2329 519 2427 diplomate
543 2329 673 2428 aliquo,
702 2355 767 2402 non
793 2330 902 2402 dicam
928 2330 1096 2418 omnium,
1126 2330 1189 2404 sed
1213 2355 1254 2405 nc

152 2444 253 2518 unius
282 2443 418 2544 quidem
445 2445 639 2543 imperantis
668 2471 729 2517 seu
751 2444 936 2544 principis,
965 2472 1074 2544 neque
1103 2470 1144 2518 ox
1169 2447 1255 2522 actis

153 2574 211 2632 aut
231 2585 313 2632 rom.
330 2559 523 2657 pontificum
538 2577 595 2632 aut
607 2560 840 2646 conciliorum,
862 2562 934 2633 sive
956 2560 1127 2635 historicis
1152 2562 1255 2638 docu-

153 2673 273 2746 mentis
295 2674 480 2761 ostendere,
504 2676 674 2774 principes
700 2677 787 2749 hanc
812 2677 999 2749 cessionem
1021 2675 1186 2750 ecclesiae
1206 2677 1254 2750 le-

152 2791 241 2863 cisse
259 2815 339 2863 suae
357 2791 530 2889 potestatis
549 2792 581 2862 io
600 2792 820 2865 matrimoniis
839 2793 1053 2880 dirimendis,
1075 2795 1250 2867 autetiam

154 2905 302 2981 eiusdem
320 2908 484 2993 exercitii,
506 2908 584 2982 hinc
606 2936 642 2980 se
663 2926 857 3006 recepemnt
871 2910 912 2981 ad
926 2909 1162 2983 disiunctivam
1180 2935 1254 2984 con·

155 3047 276 3101 wnsus
295 3026 363 3095 sice
384 3024 555 3122 expressi,
579 3027 645 3096 sinc
664 3025 766 3096 taciti.
791 3024 851 3097 Ast
869 3051 942 3097 cum
962 3043 1088 3098 certum
1107 3026 1151 3098 sit
1168 3026 1256 3124 prin-

154 3139 246 3238 cipes
267 3138 358 3212 illam
384 3141 569 3213 cessionem
596 3167 661 3214 non
688 3141 808 3213 iecisse
833 3141 1052 3215 consensione
1081 3167 1251 3240 expresso,

155 3250 319 3354 reliquum
344 3271 396 3328 est
420 3272 455 3327 ut
480 3256 513 3326 in
540 3256 677 3328 istorum
701 3256 880 3355 hypothesi
899 3256 1075 3329 consensio
1094 3256 1194 3328 luerit
1210 3270 1256 3328 tc·

156 3373 232 3441 cito.
256 3370 342 3456 Quid
362 3398 459 3470 porro
484 3373 637 3471 importat
661 3399 721 3444 seu
747 3373 914 3468 significat
934 3375 1032 3443 tocilc
1052 3369 1255 3446 consensio?

157 3483 246 3554 Nihil
266 3485 375 3570 aliud,
396 3513 496 3585 quam
515 3487 680 3567 silentium
706 3486 796 3559 illius
815 3487 872 3586 qui
896 3487 987 3586 loqui
1008 3503 1123 3585 posset
1139 3513 1180 3560 ιο
1197 3485 1257 3559 de-

155 3599 266 3684 beret,
290 3600 319 3670 si
345 3600 426 3698 quid
451 3603 523 3699 ipse
550 3601 651 3674 nollet
676 3603 766 3687 fieri,
796 3602 884 3700 quod
911 3601 1089 3701 abaliquo
1112 3601 1256 3674 htlluo

157 3714 256 3811 igitur
279 3739 461 3787 consensus
485 3715 541 3787 ille
568 3717 687 3789 tacitus
713 3711 859 3814 flagitat,
887 3744 1004 3816 nempe
1027 3716 1255 3789 auctoritatem

157 3830 191 3902 in
216 3854 257 3903 eo
282 3830 339 3929 qui
366 3829 459 3917 silet,
484 3847 517 3903 et
542 3831 676 3904 alterius
698 3833 878 3919 actionem,
902 3838 988 3932 quae
1011 3833 1082 3902 lieri
1108 3830 1256 3927 legitime

157 3971 221 4017 non
248 3961 361 4047 posset
389 3947 461 4019 sine
486 3946 575 4020 illius
601 3948 794 4021 auctoritate
821 3950 932 4045 (102).
959 3949 1006 4019 Ex
1028 3972 1094 4047 qua
1120 3945 1254 4019 notione

158 4077 266 4158 patet,
286 4090 343 4138 eos
362 4063 418 4162 qui
437 4080 555 4160 urgent
571 4063 821 4138 consensionem
841 4064 972 4137 tacitam
992 4078 1160 4160 tamquam
1178 4084 1256 4158 pro·

231 4249 296 4312 (ιιι)
312 4252 338 4299 lo
350 4265 389 4314 op.
399 4252 810 4314 ctt.Deroor'oeto.ct.1)eodatum
822 4250 1037 4314 opsitltesensto
1046 4251 1154 4311 etocep.
1163 4244 1254 4308 ΜΛ.

228 4330 292 4391 (rot)
306 4329 492 4381 ct'Deodatum
504 4329 625 4392 Montio
635 4331 742 4382 tvldeot.
752 4343 844 4382 conon.
855 4330 978 4392 Hierapoli
993 4333 1060 4380 ttae.
1072 4329 1167 4390 cept.
1175 4324 1199 4388 ς.
1210 4325 1253 4375 W.
