2804 5062
142 228 211 299 308
386 250 447 300 rm.
470 249 506 300 n.
527 249 613 300 sacr.
636 250 659 300 1.
681 249 721 300 oa
740 249 868 301 roraar.
885 247 1017 301 socru.

141 394 216 445 cum
235 393 301 442 non
319 369 499 443 intervenit
511 386 756 443 sacramentum
767 369 859 442 Deus
876 367 1037 468 supplere
1054 368 1178 466 gratiis
1193 372 1256 443 auis

141 483 331 558 actualibus
357 485 521 558 dicendus
540 485 586 558 eit
602 485 645 558 ad
670 484 755 558 hacc
781 485 896 559 omnia
917 484 982 556 rite
1003 483 1196 585 explenda,
1222 499 1259 559 at·

141 606 253 674 iumen
275 626 373 673 nemo
401 601 572 698 negaverit
594 600 650 673 via
675 599 847 674 ordinaria
866 600 901 672 in
921 599 1114 697 coniugatis
1144 600 1261 698 gratias

141 715 217 790 illas
243 715 390 790 actuales
416 741 457 788 en
484 717 592 814 gratia
618 715 854 790 sacramentali
888 715 1080 815 profluere,
1111 741 1204 815 quae
1226 714 1259 788 ad

143 834 237 934 ipsas
257 831 311 906 ius
333 830 461 905 tribuit.
481 831 655 906 Absonum
673 857 773 931 porro
789 831 938 919 videtur,
959 857 1018 906 eos
1036 831 1100 931 qui
1117 829 1259 929 legitime

142 947 346 1022 contrahunt
373 973 433 1046 per
457 945 746 1046 dispensationem
772 945 957 1035 ecclesiae,
986 973 1028 1020 cx
1054 973 1127 1047 qua
1156 945 1259 1046 dispa-

143 1060 252 1134 ritatis
279 1059 389 1133 cultus
416 1060 694 1158 impedimentum
718 1061 936 1135 constitutum
965 1075 1045 1148 est,
1081 1076 1153 1135 toto
1181 1061 1257 1136 vitae

143 1203 226 1252 suae
249 1192 398 1275 tempore
423 1176 531 1272 gratia
556 1175 641 1250 adeo
663 1193 852 1278 opportuna
877 1175 1029 1250 destitui.

216 1289 315 1377 Quod
348 1288 485 1389 quidem
515 1291 734 1364 confirmatur
767 1318 809 1364 ex
840 1290 1089 1391 primitivorum
1116 1291 1253 1365 fidelium

103 1455 105 1459 v
142 1404 357 1492 conditione;
379 1429 457 1476 nam
476 1419 629 1503 spectata
651 1403 801 1478 fidelium
819 1404 1006 1505 paucitate,
1031 1405 1093 1506 qui
1112 1407 1202 1480 inter
1214 1407 1253 1478 in·

143 1520 261 1594 lideles
282 1519 591 1608 commorabantur,
621 1520 852 1621 spectatisque
875 1536 1055 1619 parentum
1081 1548 1124 1596 ac
1147 1523 1194 1596 rei
1215 1521 1252 1595 la·

141 1636 284 1711 miliaria
302 1635 617 1735 complicationibus
632 1693 640 1722 ,
658 1662 764 1737 saepe
776 1636 999 1734 adigebantur
1016 1636 1155 1737 puellae
1172 1662 1251 1739 prae·

146 1753 261 1826 sertim
283 1754 403 1854 nuptui
430 1752 516 1826 tradi
544 1751 763 1840 infidelibus;
793 1777 902 1852 neque
927 1751 1076 1828 ecclesia
1099 1780 1162 1855 pro
1184 1770 1249 1828 tem·

144 1869 237 1967 poris
268 1868 361 1942 illius
392 1869 559 1968 angustiis
586 1868 693 1941 vetuit
721 1867 875 1943 absolute
902 1866 960 1941 illa
986 1869 1149 1968 coniugia
1175 1872 1246 1967 (li).

142 1983 216 2058 Nou
233 1999 284 2058 est
300 2010 381 2060 vero
404 1984 611 2058 censendum
638 1985 721 2058 istos
745 2009 863 2058 omnes
889 1984 1131 2060 sacramentali
1156 1984 1247 2084 gratia

145 2100 178 2170 in
204 2126 244 2174 eo
270 2116 359 2174 statu
386 2099 565 2174 destitutos
592 2098 709 2173 fuisse.

218 2216 361 2314 lnsupcr
385 2214 530 2288 ccclesia
552 2213 653 2287 aliam
673 2215 811 2289 omniuo
832 2217 995 2290 rationem
1017 2217 1141 2316 agendi
1159 2219 1190 2290 in
1204 2215 1246 2288 bis

145 2331 312 2428 coniugiis
348 2330 473 2417 tenuit,
499 2346 601 2429 atque
618 2330 653 2401 in
671 2330 838 2429 coniugiis
864 2331 899 2402 in
927 2330 1128 2408 infidelitate
1156 2331 1243 2406 initis.

70 2462 72 2466 ’
144 2446 317 2545 Siquidem
335 2472 375 2518 ca
396 2463 568 2545 tamquam
588 2472 726 2545 prorsus
744 2445 998 2521 indissolubilia
1020 2447 1162 2538 babuit,
1181 2447 1246 2523 adeo

144 2577 181 2633 ut
207 2563 363 2659 quamvis
387 2588 466 2660 pars
494 2561 604 2634 fidelis
634 2562 753 2634 luisset
773 2562 817 2635 ab
835 2562 963 2635 infideli
995 2565 1180 2652 derelicta,
1203 2578 1246 2636 aut

145 2676 301 2774 quamvis
332 2675 480 2749 infidelis
512 2676 724 2773 gravissimis
763 2675 927 2750 molestiis
966 2688 1097 2776 partem
1133 2678 1242 2753 fidelem

146 2790 294 2864 alliceret
315 2791 393 2862 lidei
420 2816 540 2879 causa,
571 2819 631 2865 seu
658 2817 725 2864 non
752 2793 957 2865 consentiret
973 2793 1120 2891 pacifice
1134 2821 1173 2868 ac
1187 2793 1244 2867 siue

149 2907 271 2980 iniuria
298 2908 465 2982 Creatoris
492 2908 686 2981 cohabitare
713 2935 790 2980 cum
818 2925 911 3007 parte
937 2908 1053 2999 lideli,
1081 2932 1244 3013 numquam

149 3041 259 3097 tamen
282 3024 426 3098 ecclesia
450 3024 601 3122 permisit
615 3040 651 3096 ut
664 3024 919 3123 abrumperetur
939 3027 1136 3126 coniugium
1153 3021 1244 3129 quoad

221 3320 270 3382 (aa)
288 3322 350 3370 Sane
366 3335 415 3371 nou
433 3321 523 3371 dosunt
543 3322 654 3385 cxcorpta
673 3324 819 3386 quamplura
839 3323 892 3374 eive
912 3325 1044 3375 mulierum
1061 3325 1184 3387 fidelium,
1202 3332 1248 3386 qna

150 3403 289 3462 nupserunt
302 3402 362 3451 viris
375 3402 491 3463 ethnicis,
506 3403 559 3452 sive
570 3406 656 3452 contra
666 3403 775 3453 {idolium
787 3404 911 3466 uirorum,
923 3405 966 3468 qui
977 3419 1004 3456 sc
1017 3407 1113 3471 nuptiis
1123 3400 1248 3471 nunaunt

148 3491 204 3527 conr
219 3478 359 3551 infidelibus
370 3480 523 3530 mulieribus.
535 3484 634 3531 Praesto
644 3485 703 3531 suut
713 3483 825 3546 exempla
840 3483 940 3533 Eunicis
951 3484 1007 3547 piae
1018 3498 1048 3536 ac
1060 3486 1142 3537 tidelis
1152 3482 1249 3536 lacuum

149 3571 213 3620 tiriae
223 3572 249 3606 sc
262 3559 374 3609 irroraret
385 3574 442 3609 curn
456 3560 555 3609 ctlrnico
566 3562 621 3610 uiro
632 3576 660 3610 cx
672 3565 690 3612 l.
701 3564 765 3629 Tim.
778 3566 797 3613 l.
808 3571 829 3613 5.
840 3564 929 3614 coitu.
939 3567 993 3615 Act.
1002 3567 1069 3616 xvi.
1082 3574 1103 3617 t.
1112 3569 1138 3616 S.
1149 3562 1250 3617 Caecili&

148 3651 204 3686 curn
216 3639 365 3698 Valeriano,
378 3652 398 3687 s.
408 3642 508 3688 Nonnae
519 3654 575 3688 cnm
587 3642 704 3703 Gregorio
717 3641 824 3702 seniore,
836 3656 857 3692 s.
866 3642 977 3692 Monicaa
988 3657 1046 3694 cum
1056 3646 1178 3707 Patricio,
1188 3641 1248 3694 aua

151 3716 239 3767 ttriidis
250 3731 306 3766 cunr
319 3718 458 3779 clodoveo,
474 3721 570 3780 practer
582 3719 637 3768 illae
650 3718 681 3770 de
696 3719 787 3782 quibus
799 3721 871 3771 retent
881 3721 946 3771 Beda
960 3722 1004 3772 lib.
1018 3724 1038 3772 1.
1048 3726 1151 3774 litator.
1162 3719 1248 3785 Arom-

149 3811 172 3846 c.
186 3797 384 3846 restitutio.
397 3805 420 3847 t).
432 3796 462 3846 de
470 3798 572 3858 Bertlra,
584 3798 730 3860 Edctburga,
741 3799 859 3863 religiosis
871 3800 1016 3851 mulieribus
1030 3816 1090 3852 cum
1105 3802 1205 3853 amnicis
1212 3809 1248 3847 ut·

150 3874 269 3928 trirnonio
289 3879 391 3940 iunctis,
409 3879 513 3941 aliisque
529 3880 619 3942 passim
634 3893 676 3942 per
689 3881 714 3929 id
725 3882 856 3944 temporis,
871 3882 933 3931 adeo
944 3885 971 3931 ut
984 3894 1005 3932 s.
1015 3884 1181 3948 Hieronymus
1191 3881 1225 3932 bb.
1234 3879 1248 3926 l

151 3960 241 4006 contr.
251 3961 421 4020 [catatonum
432 3960 566 4023 scripserit:
580 3982 592 4004 «
601 3964 670 4010 Nunc
681 3961 810 4025 pleraeque
820 3962 981 4024 (christianae
989 3963 1123 4026 mulieres)
1136 3963 1248 4028 iunguntur

153 4037 289 4100 gentibusn·
298 4039 389 4101 Utique
399 4040 500 4090 ccclesia
513 4041 557 4090 iras
568 4042 665 4105 nuptias
681 4055 730 4092 uon
744 4042 878 4105 probabat,
891 4043 941 4093 imo
951 4048 1034 4107 putres
1047 4059 1091 4096 aas
1103 4047 1208 4110 carpunt
1217 4038 1249 4091 nt

150 4116 219 4166 aliod
236 4121 273 4167 est
290 4118 440 4181 improbare,
459 4120 527 4169 aliud
544 4121 626 4172 irritas
642 4122 733 4182 lacere,
745 4123 813 4186 quod
825 4124 957 4175 illaaetate
966 4126 1168 4178 cerunouiecit
1180 4115 1249 4184 Qut·d

154 4194 219 4248 lcvca
232 4196 402 4259 difficultates,
413 4212 477 4261 quoe
488 4205 574 4252 coutra
585 4203 675 4267 opponi
690 4207 796 4267 possent.
807 4204 846 4256 cl.
857 4205 938 4256 (tollet
950 4215 976 4257 n.
989 4208 1034 4257 2⁴7
1046 4220 1117 4271 seqq.
