2804 5062
120 338 1063 396 saianansronssnnrnc.nunciamus.cesarnoni.⁴
1106 323 1175 397 tt't

135 459 304 549 Quoniam
329 485 409 536 uero
433 459 643 560 spalatensis
668 461 703 536 in
728 460 886 538 adductis
908 461 1021 539 verbis
1042 465 1177 545 concilii

65 576 163 650 etiam
174 574 422 650 aurelianensis
435 575 638 652 mentionem
651 576 781 666 iniecit,
797 602 864 652 non
878 576 939 653 abs
953 604 989 652 rs
1000 579 1063 653 erit
1073 578 1178 658 adno

63 710 151 780 tara,
172 691 265 792 quod
283 707 397 792 patres
414 707 613 767 turonenses
631 691 674 766 de
692 693 758 768 isto
770 708 952 768 testemur:
967 694 1030 766 «ln
1044 695 1175 796 synodo

59 808 314 897 aurelianensi,
349 834 453 908 qnam
486 807 732 885 invictissimus
756 835 815 882 rex
838 809 1072 885 Chlodovaeus
1103 812 1179 912 fieri

57 925 286 1026 supplicavit»
301 923 594 1026 concludantque:
615 926 708 1001 «Nos
733 925 799 1000 hoo
823 925 909 1026 quod
936 941 1049 1025 potres
1073 930 1180 1002 nosttt'

57 1056 245 1116 statuerent
261 1041 297 1113 in
314 1040 472 1117 omnibus
490 1041 729 1117 roboramus.»
746 1043 848 1117 Porio
866 1042 896 1117 si
914 1042 958 1117 ad
970 1041 1175 1120 chlodovaei

58 1182 178 1258 preces
204 1156 288 1232 inita
311 1173 364 1233 est
388 1157 540 1260 synodus
558 1156 822 1247 aurelianensis,
843 1158 873 1231 si
892 1173 1006 1258 patres
1033 1160 1175 1237 turonici

57 1273 258 1374 profitentur
273 1273 418 1349 concilia
435 1273 629 1375 antiquiora
646 1274 870 1375 proterentes,
892 1300 931 1348 se
942 1275 1093 1349 mborore
1106 1293 1176 1352 sto·

56 1403 129 1463 tcto
150 1403 306 1488 parom,
326 1415 539 1492 consequens
555 1407 609 1465 est
626 1389 704 1465 illos
722 1415 789 1466 non
807 1390 1018 1492 imperatoris
1039 1408 1099 1466 aut
1122 1418 1176 1468 re-

56 1504 128 1603 gis,
141 1503 204 1579 sed
216 1504 414 1579 uncwritota
427 1505 563 1608 propria
579 1522 614 1580 et
627 1506 826 1580 auctoritate
837 1504 1067 1582 ecclesiastica
1080 1523 1175 1585 ante·

57 1621 139 1698 riori
166 1621 406 1722 impedimenta
431 1622 681 1697 matrimonium
711 1622 905 1697 dirimantia
936 1623 1171 1716 constituisse,

58 1737 165 1812 immo
187 1753 223 1811 et
247 1752 362 1812 contra
386 1763 502 1836 regum
527 1737 844 1836 voluntatemne).

132 1853 278 1928 Domum
304 1853 475 1929 concludit
498 1853 727 1954 spalatensis:
749 1854 1023 1929 «Matisconansa
1037 1855 1173 1931 mndem

57 1966 265 2058 secondum,
286 1970 329 2044 ad
348 1969 439 2068 leges
457 1969 552 2070 ipsas
574 1968 744 2045 seculares
762 1969 797 2043 in
817 1968 871 2042 his
889 1968 1174 2071 prohibitionibus

55 2111 95 2160 se
119 2085 463 2175 mionz-lncssmm,
491 2085 617 2187 inquit,
654 2086 921 2187 copulationem,
949 2083 985 2158 in
1013 2112 1083 2186 qua
1111 2113 1174 2164 nec

54 2200 179 2278 ooniux
197 2226 259 2277 nec
276 2203 415 2305 nuptiae
433 2218 522 2278 recte
544 2201 707 2304 appellari
728 2201 819 2301 leges
837 2217 1035 2291 sanxerunt,
1056 2202 1174 2279 catho-

56 2317 123 2392 lica
148 2316 286 2393 omnino
310 2318 496 2395 detestatur
517 2334 618 2420 atque
643 2317 856 2392 abominatur
880 2316 1172 2418 ecclesia-Leges

55 2459 135 2508 nero
162 2432 267 2508 hasce
294 2433 531 2534 intelligendas
556 2459 634 2508 esse
659 2432 828 2508 seculares
845 2431 983 2534 planum
1000 2449 1070 2524 est,
1090 2434 1173 2536 quia

55 2549 188 2650 passim
207 2549 342 2625 nomine
359 2549 445 2650 legis
465 2565 592 2625 statuta
609 2547 841 2648 intelliguntur
855 2549 1030 2650 potestatis
1048 2548 1167 2626 laicae.

35 2665 139 2740 -Nam
165 2663 396 2740 ecclesiastica
414 2690 481 2741 non
497 2681 660 2741 vocantur
678 2665 780 2764 lepos,
797 2665 858 2740 sed
876 2691 1028 2752 concam,
1044 2683 1078 2742 et
1093 2666 1172 2744 ideo

54 2780 147 2855 idem
173 2780 355 2856 concilium
379 2807 506 2857 nonum
531 2807 697 2856 canonem
723 2782 774 2856 sic
798 2780 926 2883 incipit.
942 2782 1062 2858 -Licet
1078 2809 1172 2860 reus-

55 2897 253 2973 rendissimi
286 2924 433 2975 omenes
456 2957 465 2986 ‚
497 2914 600 2999 atque
633 2897 869 2973 severissimae
900 2898 992 2998 leges
1020 2915 1085 2976 etc.
1104 2916 1173 2976 -et

53 3039 130 3088 ean.
146 3014 231 3087 xlv,
253 3014 470 3115 reprehendit
494 3039 575 3103 eos,
595 3013 655 3115 qui
674 3013 811 3089 calcatis
838 3014 1025 3090 canonibus
1042 3031 1076 3090 et
1092 3015 1171 3114 legi·

54 3129 119 3206 bns
147 3131 314 3232 quaedam
341 3130 469 3205 iniusta
494 3131 706 3206 committunt
728 3131 938 3227 (29).nllsto
954 3130 1045 3230 quod
1064 3132 1178 3233 tapam<

54 3247 192 3323 nomine
210 3272 231 3320 a
250 3246 393 3321 concilio
410 3262 535 3321 statuta
553 3246 743 3346 principum
765 3245 968 3320 secularium
992 3245 1169 3344 designen-

54 3376 129 3449 tur3
159 3359 243 3461 quid
268 3358 380 3434 inde?
405 3360 577 3462 Numquid
602 3359 769 3434 eiusmodi
803 3358 894 3457 leges
925 3359 1169 3435 constituerunt

54 3475 313 3551 fundamentum
338 3501 522 3566 canonum,
543 3476 601 3578 qui
619 3502 640 3551 a
657 3474 800 3551 concilio
824 3474 906 3549 editi
930 3473 1035 3550 sunt?
1055 3474 1164 3551 Absit.

57 3761 192 3814 mutnus
206 3760 328 3812 sclawo
342 3760 449 3813 decreto
463 3759 613 3824 conficere.»
622 3763 685 3824 Ergo
697 3759 766 3810 iuxta
781 3760 845 3810 hanc
859 3759 1034 3824 praefationem
1047 3760 1170 3811 annuento

52 3841 200 3892 Ghafiberto
216 3840 350 3891 concilium
365 3840 515 3891 celebratum
529 3842 578 3901 est,
595 3839 637 3890 sed
654 3839 754 3903 propriu
769 3840 916 3891 auctoritate
934 3839 1032 3890 decreta
1052 3838 1166 3891 mutauit.

51 3921 92 3972 ct.
101 3920 173 3987 epod
188 3921 347 3972 Strmondum
364 3921 411 3972 loc.
423 3921 466 3973 cit.
477 3934 503 3985 p.
515 3927 570 3972 ⁸³⁰.

123 4000 177 4065 (28)
192 4001 287 4051 Etenim
302 4000 434 4052 &verinus
450 4000 536 4051 Binius
549 4000 575 4050 in
589 4001 647 4051 nota
661 3999 693 4050 ad
706 4013 776 4052 conc.
789 4000 915 4051 turonens.
926 3997 1028 4050 scribit:
1041 3999 1168 4051 «sonats-

50 4080 108 4132 nimi
121 4083 207 4146 patras
218 4080 292 4132 huius
302 4079 401 4131 concilii
414 4079 481 4130 hunc
491 4092 609 4130 moenem
621 4080 736 4130 statuisse
745 4077 899 4130 videaturad
907 4077 1077 4142 configendum
1086 4078 1168 4143 ipsum

51 4173 133 4224 regn
149 4159 323 4211 charibertum
340 4159 447 4210 lucentus
461 4159 564 4210 mimine
579 4158 814 4210 labefactatumuln
830 4158 895 4209 nous
910 4156 943 4208 ud
958 4171 1013 4210 can.
1035 4159 1078 4211 xl.
1092 4169 1164 4213 oona.

50 4243 180 4295 turcum.
192 4243 224 4290 tt.
237 4239 263 4291 in
275 4241 319 4293 cit.
329 4239 435 4293 cottoct.
450 4239 567 4305 cmpttss.
578 4239 670 4292 consu.
683 4241 744 4291 tom.
756 4241 799 4290 lx.
812 4238 860 4291 ool.
875 4242 930 4291 8⁰7.

124 4321 178 4386 (29)
194 4319 258 4375 lbld.
