2804 5062
164 373 207 444 lb
393 390 454 445 ata.
476 394 510 444 u.
531 391 617 444 sacr.
639 394 661 442 ι.
683 393 722 442 ne
745 392 869 444 rorum.
892 392 1017 445 accam.

163 510 306 586 uouibus
330 511 492 584 delinivit.
526 509 608 582 Cum
640 511 753 609 itaque
782 511 816 582 in
848 510 981 585 decreto
1004 510 1180 586 evidenter
1209 516 1267 589 liat

148 652 271 702 sermo
295 626 337 699 de
361 641 524 727 potestate
549 652 615 698 uon
641 626 776 725 quidem
795 625 925 699 adscita
941 642 1043 727 atque
1060 627 1261 718 adventitia,

162 742 223 818 sed
247 742 428 839 originaria
452 766 492 814 ac
516 741 668 842 propria,
699 741 912 813 manifestum
942 740 980 815 fit
1010 743 1045 814 in
1078 744 1265 818 canonibus

161 857 220 931 lll.
249 873 282 931 et
306 856 358 926 ll.
389 855 431 928 de
455 856 608 955 propria,
630 855 742 928 nativa
759 873 861 955 atque
884 855 1068 953 originaria
1102 875 1265 957 potestate

160 971 285 1072 pariter
308 970 485 1045 concilium
511 971 617 1044 fuisse
641 970 800 1044 locutum.

232 1087 291 1160 lll.
321 1087 510 1175 Praeterea,
538 1088 616 1159 data
641 1086 908 1159 adversariorum
933 1087 1136 1186 hypothesi,
1169 1088 1263 1163 falsi-

160 1201 217 1276 tati
249 1202 392 1276 obnoxia
423 1203 506 1276 soret
534 1203 722 1300 dogmatica
753 1201 904 1275 definitio
932 1203 1132 1289 tridentina,
1163 1205 1262 1279 immo

159 1332 192 1389 et
215 1333 326 1418 aperte
351 1317 447 1391 lalsa.
472 1318 603 1390 Etenim
629 1318 658 1391 si
677 1334 767 1391 esset
784 1318 967 1390 adventitia
984 1317 1149 1393 ecclesiae
1171 1337 1263 1420 pote-

145 1448 228 1507 ·stas
246 1433 280 1504 in
298 1433 540 1507 constituendis
559 1433 807 1532 impedimentis
820 1431 1097 1521 connubialibus,
1114 1460 1177 1508 seu
1190 1462 1263 1535 pro·

142 1547 295 1621 ueniens
320 1574 359 1620 ex
383 1547 573 1647 principum
598 1547 809 1620 conniventia
833 1572 873 1619 ex
899 1547 998 1620 tacito
1023 1573 1085 1619 seu
1102 1573 1262 1648 expresso

157 1685 271 1736 eorum
296 1688 478 1748 consensu;
506 1661 787 1762 quemadmodum
813 1687 887 1733 eam
909 1662 1080 1761 principes
1097 1663 1262 1738 ecclesiae

157 1777 464 1865 communicarunt,
486 1777 536 1850 sio
554 1793 691 1877 possent
707 1776 824 1849 eodem
842 1777 913 1848 iure
932 1802 1103 1865 revocare,
1120 1804 1263 1877 pesecu-

159 1892 248 1966 tibus
265 1891 462 1992 praesertim
480 1917 590 1964 rerum
608 1891 788 1964 adiunctis.
810 1893 910 1964 Porro
928 1890 1045 1964 bacin
1063 1891 1258 1992 hypothesi,

156 2010 224 2083 iam
248 2008 333 2084 salsa
349 2009 485 2083 omnino
510 2008 594 2082 loret
618 2008 798 2081 tridentina
816 2007 986 2094 definitio,
1008 2008 1098 2106 quod
1121 2008 1262 2085 ecclesia

157 2125 300 2222 potuerit
323 2139 356 2196 et
379 2125 487 2224 possit
510 2139 654 2197 statuere
678 2123 843 2197 eiusmodi
869 2123 1120 2222 impedimenta.

227 2236 263 2309 Si
288 2236 412 2336 aliquis
438 2237 606 2335 imperans
632 2253 782 2336 pergeret
806 2236 895 2310 hanc
920 2242 1116 2336 potestatem
1147 2264 1262 2314 conce

156 2351 254 2439 dere,
282 2350 367 2426 alter
388 2377 468 2426 uero
500 2377 574 2424 eam
605 2368 773 2424 recusaret
797 2351 977 2439 ecclesiae;
1007 2353 1042 2423 in
1067 2355 1262 2452 regionibus

156 2467 191 2540 iu
215 2465 340 2566 quihus
361 2491 517 2540 summus
543 2467 713 2565 imperans
738 2459 811 2539 eam
837 2466 948 2541 adbuc
972 2469 1171 2545 concederet
1199 2497 1262 2546 sua

154 2581 277 2655 veritas
303 2581 488 2656 canonibus
519 2580 707 2657 tridentinis
732 2582 947 2670 consisteret,
977 2583 1011 2655 in
1036 2585 1157 2658 ceteris
1182 2611 1260 2661 uem

154 2695 191 2767 in
209 2695 334 2794 quibus
351 2696 586 2793 denegaretur,
607 2722 673 2769 non
692 2695 788 2783 item;
809 2696 961 2795 adeoque
988 2724 1067 2771 vera
1092 2717 1151 2774 aut
1174 2701 1259 2775 falsa

154 2825 245 2885 esset
268 2835 329 2911 pro
354 2809 502 2885 locorum
527 2810 657 2884 ratione
681 2810 765 2884 haec
789 2811 978 2908 dogmatica
1002 2813 1167 2890 definitio.

224 2927 365 3001 Demum
399 2925 485 2999 lnlsa
519 2952 656 3027 prorsus
689 2926 878 3023 dogmatica
913 2927 1079 3001 eiusmodi
1105 2929 1258 3007 delinitio

155 3042 275 3117 luisset
295 3041 405 3142 quoad
429 3041 493 3114 tria
518 3041 630 3141 priora
655 3041 816 3115 ecclesiae
834 3042 963 3132 secula,
982 3059 1016 3116 et
1035 3041 1123 3118 lalsa
1145 3045 1258 3120 adbuc

153 3158 236 3234 foret
252 3159 287 3230 in
304 3158 373 3231 illis
395 3156 550 3231 omnibus
576 3157 688 3254 regnis
706 3184 745 3230 ac
763 3158 943 3256 prouinciis
961 3158 996 3230 iu
1015 3158 1140 3259 quihus
1166 3163 1259 3261 priu-

114 3295 118 3302 “
152 3272 244 3375 cipes
262 3273 436 3362 infideles,
456 3274 614 3348 haeretici
631 3291 688 3347 aut
706 3274 912 3347 schismatici
929 3275 1160 3364 dominantum
1178 3278 1257 3352 ‘cum

153 3388 188 3460 hi
224 3391 369 3488 prolecto
401 3390 590 3464 facultatem
621 3390 720 3463 istam
750 3388 912 3463 ecclesiae
944 3390 1036 3463 nulla
1066 3390 1174 3467 velint
1204 3419 1258 3468 ra·

152 3501 241 3574 tione
272 3503 472 3590 concedere;
502 3505 582 3603 quin
612 3505 744 3603 potius,
773 3502 802 3576 si
832 3519 989 3602 possent,
1024 3503 1133 3578 eidem
1164 3506 1256 3582 illam

136 3616 281 3717 'eripere
305 3643 515 3718 summopere
538 3617 786 3692 contenderent.

222 3730 393 3804 Absonum
419 3757 517 3830 porro
541 3748 594 3804 est
610 3732 660 3804 vel
682 3734 826 3828 cogitare
851 3734 1022 3807 veritatem
1046 3734 1256 3832 dogmaticae

149 3847 377 3935 definitionis,
398 3848 485 3946 quae
503 3873 622 3947 nempe
637 3846 770 3921 divinae
796 3847 957 3922 revelatae
982 3848 1153 3925 doctrinae
1170 3852 1256 3926 inni·

151 3963 232 4037 titur
260 3991 301 4038 ac
329 3961 496 4037 infallibili
523 3963 666 4062 Spiritus
692 3964 801 4037 Sancti
829 3964 1025 4037 adsistentis
1050 3990 1090 4038 ac
1116 3968 1257 4041 numine

148 4103 191 4151 ex
214 4078 392 4178 principiis
416 4078 590 4153 catholicis
619 4079 743 4152 emissa
768 4095 836 4166 est,
867 4080 1012 4178 pendere
1035 4104 1055 4151 a
1081 4096 1249 4182 ternpore,

150 4192 239 4277 loco,
260 4194 499 4295 personisque,
520 4195 620 4293 eique
636 4220 737 4293 posse
754 4194 874 4268 lalsum
893 4195 1045 4270 subesse.
1068 4197 1252 4270 Fatendum

147 4326 201 4384 est
225 4308 325 4417 igitur
349 4311 530 4397 manuam,
559 4310 758 4399 absurdam,
788 4310 934 4409 fideique
965 4310 1149 4386 catholicae
1173 4338 1254 4386 con·
