2804 5062
142 353 212 429 112
319 376 394 431 ‚nm
415 374 452 429 u.
471 373 558 427 scor.
578 372 711 427 suram.
732 371 773 425 ns
798 371 923 425 rorrsr.
943 368 1053 427 urm.

141 520 217 571 nem
234 493 345 592 elego
363 491 636 578 aliunde'iusta,
663 506 782 592 utpote
806 505 998 593 opportuno
1022 515 1086 591 pro
1111 488 1262 566 maxime

140 632 280 685 casuum
304 621 452 707 pstrteet
473 631 714 706 personarum
735 605 815 705 'ipsi
840 630 964 705 nempe
987 604 1099 706 pluris
1123 630 1260 705 semper

142 722 291 799 lecerunt
314 722 439 799 bonum
463 720 675 797 obedientiae
694 719 762 820 legi
777 721 933 821 quamvis
951 720 1084 821 rigidae
1100 747 1143 797 ac
1159 721 1255 796 intor-

141 836 225 923 dnm
242 836 491 925 incommodae,
508 825 612 936 quani
624 835 784 911 inducere
801 835 914 935 legum
925 851 1178 936 contemptum,
1196 836 1250 936 qui

142 979 276 1054 semper
298 978 339 1027 ex
362 952 623 1029 minationibus
648 952 782 1026 initium
807 951 901 1026 ducit
923 953 1039 1048 (lto).

214 1068 305 1156 Quin
327 1067 430 1145 nobis
462 1067 547 1143 baec
580 1067 813 1143 difficultatem
844 1082 978 1155 creent,
1011 1067 1115 1143 valde
1146 1067 1250 1170 potius

142 1182 317 1265 conferunt
341 1182 386 1257 ad
412 1168 686 1283 perstringendos
707 1182 932 1258 adversarios.
954 1182 1157 1283 Siquidem:

219 1305 252 1373 l.
280 1298 480 1374 lnlerimus:
499 1323 579 1397 ergo
598 1297 716 1399 primis
737 1297 899 1373 ecclesiae
916 1296 1042 1373 seculis
1061 1296 1134 1371 iam
1150 1296 1249 1397 impe·

142 1413 290 1489 dimonte
305 1413 483 1512 'vigebant
499 1413 677 1488 Nescimus
694 1439 774 1488 vero
794 1429 906 1488 utrum
930 1412 1121 1488 adversarii
1147 1429 1251 1489 osteo·

142 1528 224 1605 dere
258 1545 384 1629 queant
416 1529 460 1603 ad
493 1556 536 1605 ee
567 1528 832 1605 constabiliendo
868 1528 1047 1628 utriusque
1082 1528 1251 1629 potestatis

143 1645 254 1721 civilis
271 1671 390 1746 nempe
406 1661 440 1719 et
455 1644 703 1721 ecclesiasticos
724 1643 962 1720 simultaneum
983 1656 1193 1721 concursum
1208 1644 1251 1717 in·

143 1762 347 1850 terrenisse,
365 1761 517 1861 adeoque
534 1760 689 1837 eumdem
706 1759 936 1835 necessarium
952 1759 1062 1835 luisse
1080 1759 1128 1835 ad
1148 1758 1252 1858 legum

143 1875 401 1965 relaxationem,
430 1903 483 1951 er.
499 1902 551 1974 gr.
567 1874 770 1963 Domitiani,
793 1891 827 1951 et
851 1902 880 1950 s.
898 1874 1097 1951 Clementis.

216 1980 457 2067 astiterimus
482 1990 619 2091 quodsi
637 2005 797 2065 constans
815 2002 917 2091 atque
933 1989 1182 2091 insuperabilis
1205 2015 1252 2065 ec·

142 2103 268 2181 elesius
294 2104 477 2181 difficultas
507 2105 550 2180 ad
577 2104 811 2181 concedendas
835 2105 1002 2181 eiusmodi
1035 2104 1253 2200 relaxationes

144 2210 325 2321 repetenda
348 2237 420 2308 est,
436 2236 485 2297 ut
509 2219 692 2297 adversarii
718 2220 945 2308 contendunt,
972 2246 1015 2297 ex
1047 2219 1111 2297 illo
1136 2220 1254 2322 princi·

144 2335 222 2435 pio,
241 2335 333 2437 quod
351 2354 456 2436 penes
472 2335 636 2411 ecclesiae
653 2351 769 2436 patres
792 2335 896 2410 bum
913 2351 1006 2423 erat,
1030 2335 1160 2412 debere
1175 2335 1253 2435 legis

143 2449 408 2525 observationem
437 2449 617 2550 quibusvis
652 2449 846 2550 praevalere
876 2450 1036 2539 motivis,
1066 2452 1254 2551 qnae'eius

143 2564 379 2638 relaxationem
394 2565 593 2651 euaderent,
615 2565 809 2648 inferimus,
830 2566 984 2665 inquam:
1001 2591 1085 2663 ergo
1098 2565 1254 2664 agebatur

143 2678 188 2753 de
204 2679 464 2755 relaxationibus
487 2681 530 2754 ab
552 2681 694 2756 ecclesia
711 2681 934 2757 concedendis
957 2681 1251 2782 aut'denegandis.

43 2800 45 2805 ⁴
145 2792 243 2880 Quod
269 2795 298 2868 si
324 2794 378 2869 ius
402 2794 641 2869 relaxationum
667 2795 917 2871 connubialium
934 2811 986 2870 eet
1003 2796 1125 2871 intime
1145 2797 1253 2872 inbue-

145 2934 223 2981 rens
242 2909 397 3007 potestati
422 2909 600 3009 politicae,
629 2911 771 3008 intelligi
796 2911 931 3011 nequit,
952 2913 1014 3011 qul
1032 2915 1184 3011 potuerit
1202 2913 1252 2986 bic

145 3023 286 3123 spiritus
318 3025 478 3124 antiquae
505 3025 706 3127 disciplinae
738 3025 957 3100 immutabilis
990 3041 1038 3101 tot
1067 3028 1252 3103 seculorum

146 3155 254 3214 tractu
275 3156 391 3214 sancte
408 3141 554 3228 servari,
577 3166 654 3216 cum
672 3140 840 3241 potuerint
857 3140 975 3216 fideles
994 3143 1195 3218 omnimode
1211 3142 1253 3216 la-

145 3255 271 3330 oilitote
287 3255 332 3331 ad
350 3256 531 3330 tribunalia
556 3256 722 3331 secularia
747 3283 784 3330 ss
810 3282 850 3330 se
876 3257 1025 3357 recipere
1045 3285 1111 3359 pro
1132 3259 1253 3335 elara-

146 3369 256 3457 n0n0;
277 3396 381 3471 quam
399 3370 458 3444 illa
474 3370 585 3446 valide
602 3396 643 3445 ec
659 3370 752 3445 licite
767 3371 848 3445 dare
874 3371 1087 3471 potuissent,
1108 3373 1253 3473 adeoquo

147 3483 264 3559 fideles
288 3484 401 3560 valide
424 3503 458 3560 et
487 3485 578 3561 licite
610 3485 669 3559 illa
693 3486 740 3561 uti
767 3502 882 3567 contre
915 3512 1084 3561 cononum
1118 3505 1249 3565 statuta.

146 3599 358 3702 Quapropter
382 3601 445 3676 hoc
471 3602 559 3675 idem
587 3602 791 3702 principium
816 3629 837 3676 a
862 3601 1017 3703 patribus
1041 3603 1249 3706 adoptatum,

145 3713 237 3789 iuxta
260 3715 470 3792 adversarios
495 3735 650 3804 nostros,
679 3742 792 3792 nonne
816 3717 988 3793 evidenter
1012 3719 1177 3820 supponit
1201 3722 1252 3792 lir-

145 3856 233 3906 mam
250 3831 441 3906 eorumdem
455 3834 706 3933 persuasionem
720 3833 764 3907 ab
776 3833 920 3907 ecclesie
932 3837 1154 3933 repetendum
1165 3862 1247 3920 esse,

145 3963 179 4019 st
195 3973 216 4020 a
233 3947 305 4022 sola
326 3948 469 4023 ecclesia
495 3949 654 4024 debuisse
679 3949 798 4024 fideles
821 3948 1029 4050 dependere,
1059 3967 1098 4027 ut
1120 3952 1250 4054 dispsn·

145 4062 309 4138 sationem
336 4063 523 4140 obtinerent
537 4062 666 4161 (um

218 4248 283 4309 (rte)
299 4249 364 4300 Luta
380 4264 420 4314 op.
433 4251 476 4300 cit.
492 4249 539 4301 net
554 4248 660 4313 dtntto,
675 4250 726 4301 lect.
739 4256 838 4314 ispag.
852 4257 905 4301 rso.

217 4331 282 4393 (stt)
297 4330 336 4381 ct.
349 4329 433 4383 Gecdll
444 4344 486 4395 cp.
496 4330 539 4382 cit.
552 4335 590 4383 Dc
605 4333 723 4383 uotum.
735 4333 799 4394 pert.
812 4329 877 4395 Μ.
890 4333 922 4381 x.
