2804 5062
313 378 382 434 ιιι.
400 380 423 434 ι.
440 378 515 434 arr.
532 378 604 435 mm
622 376 747 434 rorrsr.
767 379 892 434 orrrurs.
911 383 980 436 rur.
1003 386 1025 436 r.
1162 363 1228 437 atr

188 498 282 576 llaec
297 516 331 576 ct
343 525 411 576 nou
424 498 491 574 alia
504 522 581 575 ossa
596 500 670 574 iura
682 500 793 575 civilis
813 502 987 600 potcstatis
1004 503 1087 579 satis
1100 502 1144 578 ab
1157 505 1234 606 ipso

125 614 301 717 ›rinoipio,
318 614 410 716 quod
424 639 528 716 snpra
546 614 722 690 retulimus
739 615 929 692 deducitur.
951 618 1042 693 Haec
1059 619 1149 693 onim
1167 621 1234 696 sul·

125 749 236 825 iciant
259 764 298 824 ut
323 749 494 851 principes
521 748 600 822 dono
620 750 755 849 publico
788 751 987 850 provideant
1010 753 1045 827 in
1070 769 1234 856 quantum

125 865 369 942 matrimonium
395 880 449 941 est
472 865 507 938 iu
532 865 677 966 officium
702 869 954 942 communitatis.

549 1107 759 1194 rarrcunus
778 1108 817 1166 rr.

226 1278 334 1340 Officia
354 1279 522 1340 indicantur
541 1279 637 1340 clrtlls
659 1281 806 1342 suoletatls
828 1282 917 1343 relato
930 1282 969 1344 od
981 1282 1127 1347 &clasiae

414 1375 492 1455 leges
508 1374 546 1436 de
568 1375 758 1437 Matrimonlo
776 1377 948 1441 christiano.

192 1553 251 1626 lus
263 1550 356 1649 leges
369 1547 498 1624 ferendi
516 1549 629 1651 'quoad
647 1551 762 1626 civiles
780 1551 920 1628 ollactus
937 1555 1143 1631 matrimonii
1160 1556 1235 1633 initi

125 1668 207 1743 inter
227 1664 348 1767 fidelos
373 1664 417 1739 ad
444 1664 785 1768 principes-pertinet
810 1667 943 1742 etiamsi
968 1669 1142 1770 principos
1166 1671 1233 1771 ipsi

125 1780 489 1860 morimarusam
513 1781 719 1856 christianus
743 1782 923 1883 princeps,
951 1784 1236 1885 quemadmodum

125 1899 154 1972 iri
180 1896 284 1985 aliis,
312 1896 365 1971 sio
389 1896 491 1970 etiam
516 1896 551 1969 in
576 1895 679 1971 huius
704 1897 788 1970 iuris
813 1898 970 1973 exercitio
987 1914 1089 1999 atquo
1105 1899 1141 1974 iu
1158 1901 1237 1995 uni·

125 2039 217 2089 tama
249 2009 461 2111 legislatione
495 2011 734 2088 matrimoniali
761 2013 898 2113 pmpria
930 2015 1099 2115 quasdam
1133 2014 1237 2094 habet

125 2128 240 2203 munia
269 2142 303 2201 et
331 2126 457 2201 officia.
1070 2223 1071 2227 Ἴ

189 2243 240 2318 Ac
260 2242 370 2344 primo
393 2242 533 2345 quidam
558 2241 705 2317 absurde
729 2241 926 2318 christianis
948 2243 1160 2345 principibus
1177 2246 1234 2321 i'us

125 2357 291 2461 puoddam
315 2357 524 2433 sacordotale
548 2358 682 2460 propria
705 2357 863 2432 tribuitur
878 2359 915 2431 in
933 2360 1046 2460 ipsum
1063 2359 1235 2435 uinculum

125 2473 325 2549 matrimonii
351 2473 542 2548 christiani.
559 2474 733 2575 Principes
755 2500 860 2574 quum
881 2475 924 2548 ad
944 2473 1164 2550 christianam
1182 2480 1236 2552 rc·

125 2590 280 2690 ligioncm
310 2605 553 2678 accesserunt,
586 2589 871 2691 quomadmodum
897 2590 932 2663 in
958 2590 1062 2691 priori
1087 2591 1237 2668 sectione

125 2706 288 2795 diximus,
320 2705 450 2780 nullum
475 2705 530 2780 ius
557 2706 813 2806 acquisierunt,
841 2723 879 2781 ut
902 2707 1065 2782 ccclesiae
1084 2733 1159 2783 eam
1177 2711 1238 2810 po-

125 2838 275 2898 testatem
288 2823 475 2923 eriperent,
491 2848 561 2924 qua
575 2822 639 2897 sub
657 2824 801 2924 paganis
819 2823 1078 2924 imperatoribus
1096 2826 1238 2927 pacifice

125 2964 183 3016 usa
196 2939 318 3014 luerat.
339 2937 564 3014 Sacerdotalis
581 2954 694 3013 tamon
712 2940 961 3040 quodammodo
978 2943 1128 3017 muneris
1146 2941 1238 3017 chri·

125 3056 223 3130 stiani
242 3055 415 3155 principos
433 3055 617 3155 participas
633 3081 710 3130 esse
728 3071 923 3155 possuntne
936 3057 1237 3158 debentquatenus

125 3171 285 3247 ccclesiae
316 3171 487 3271 praesidio
518 3187 623 3260 suut,
651 3172 794 3272 eiusque
821 3171 912 3270 leges
937 3172 1237 3274 auctoritatemque

125 3301 269 3363 uantur.

193 3402 268 3478 Hoc
294 3427 398 3477 sensu
423 3402 466 3477 ad
491 3418 701 3502 praesentem
729 3402 904 3477 materiam
930 3402 1092 3505 applicari
1118 3405 1238 3481 merito
1283 3449 1287 3460 ·

125 3533 233 3618 potest
257 3518 350 3618 quod
370 3532 484 3620 patres
509 3518 694 3617 generatim
715 3536 891 3608 asserunt3
920 3520 1078 3594 nimirum
1103 3519 1237 3596 civilem

125 3632 354 3709 auctoritatem
375 3632 637 3707 christianorum
656 3632 846 3733 principum
864 3633 1112 3736 quodammodo
1129 3661 1238 3710 cocer-

125 3748 265 3826 dotolom
289 3749 358 3824 dici
383 3776 486 3850 posse
514 3752 602 3846 (to).
620 3750 707 3823 Sane
727 3776 757 3825 s.
774 3752 838 3826 Leo
860 3751 904 3823 Μ.
927 3752 997 3828 Deo
1018 3753 1143 3851 gratias
1168 3753 1239 3852 agit

125 3937 190 4001 gradi
200 3935 267 3987 dalle
277 3948 392 4000 persona,
404 3935 511 3986 denuoi
525 3934 593 3999 qurlr
608 3935 646 3986 sia
660 3935 781 4000 legittimo
795 3938 883 4000 questo
898 3937 956 3988 civil
969 3939 1159 3990 contrario....le
1174 3940 1238 4006 lcggi

125 4015 182 4068 urta
194 4015 238 4067 dul
254 4015 359 4079 principi
375 4029 419 4079 per
432 4015 597 4079 regolcmouto
612 4015 650 4066 dc'
660 4015 811 4066 matrimonii
822 4016 905 4067 niente
914 4019 1097 4082 apparterrgouo
1111 4018 1161 4070 clla
1176 4019 1238 4084 poll·

125 4096 171 4148 dea
179 4095 247 4147 della
256 4095 354 4147 chiesa»
363 4097 425 4146 tom.
436 4099 467 4146 v.
478 4110 503 4160 p.
516 4098 548 4145 ΙΙ.
559 4108 613 4160 pag.
626 4100 682 4147 tat.

195 4175 248 4240 (ιο)
264 4175 336 4239 Apud
351 4175 468 4228 zaohma
482 4175 561 4228 suite
571 4176 674 4240 poturo
686 4176 842 4242 reooiotrr'oe
852 4178 926 4230 dello
933 4179 1075 4245 disciplina
1086 4194 1110 4245 p.
1123 4183 1144 4232 Ι.
1154 4183 1201 4232 art.
1213 4186 1237 4234 t.

125 4255 145 4320 5.
157 4264 182 4308 a.
194 4256 344 4319 (Roorotto
357 4257 386 4308 dt
399 4256 583 4310 dissertorum
597 4257 626 4309 dt
639 4259 723 4310 storto
737 4258 914 4313 eccmttoo
928 4261 989 4313 tom.
1001 4263 1043 4313 IV.
1053 4261 1113 4314 diss.
1125 4264 1237 4314 xxvlll.

126 4349 181 4400 pag.
195 4343 252 4388 tro.
266 4337 284 4399 ).
