2804 5062
151 353 638 409 numerusnumerous
652 355 968 413 circumcursu.
984 359 1089 412 runi.
1144 339 1214 414 itt

109 501 228 576 puucos
240 501 302 575 pro
314 474 380 549 hac
393 473 696 574 allegatsententia
708 478 909 576 (16)‚atqus
921 477 1106 574 generatim
1119 478 1217 580 pleri·

109 616 166 691 pre
188 615 333 678 omnes,
360 590 420 691 qui
445 589 541 690 ipsos
566 591 802 666 contrahentes
828 592 931 669 huius
957 592 1137 669 adstruunt
1160 620 1217 671 sa·

109 704 264 780 nomenti
289 705 484 795 ministros,
513 732 657 806 quorum
682 707 866 797 sententia,
888 708 937 785 uti
960 724 1099 786 testatur
1115 710 1216 786 Bene

109 819 212 896 lictus
232 821 318 893 xlv.
335 824 533 895 coinmunior
558 837 611 896 est
638 824 727 919 (17).

170 935 365 1010 Innituntur
377 963 477 1039 porro
490 937 534 1012 ad
548 937 637 1012 hauc
649 937 891 1014 adstmendam
903 939 1089 1015 doctrinam
1102 954 1216 1036 aucto-

109 1050 188 1127 itati
203 1049 356 1150 Angeliei
374 1052 542 1142 doctoris,
562 1053 622 1154 qui
642 1053 685 1128 de
702 1054 913 1130 matrimonio
931 1054 1119 1130 inlidehnm
1131 1055 1216 1132 haec

109 1166 223 1243 rubet:
239 1168 311 1243 «llt
329 1184 440 1244 tamen
457 1170 560 1244 etiam
577 1170 826 1246 matrimonium
846 1171 913 1247 tale
929 1186 982 1246 est
997 1171 1109 1272 aliquo
1121 1171 1215 1247 crode

109 1297 338 1355 monumentum
352 1283 587 1371 habitualiter,
609 1285 764 1384 quamvis
782 1311 850 1360 non
867 1285 1054 1375 actualiter,
1067 1312 1107 1361 eo
1124 1287 1215 1388 quod

109 1409 178 1471 ictu
202 1421 273 1471 non
299 1399 501 1473 contrahant
525 1398 561 1473 iu
587 1398 655 1472 fide
679 1399 842 1476 eeclesias
869 1403 985 1498 (18).n
1008 1401 1079 1476 lam
1104 1427 1213 1491 vero,

109 1513 280 1614 inquiunt,
300 1514 331 1589 si
351 1513 539 1590 infidelium
560 1514 755 1614 coniugium
772 1543 833 1619 per
847 1517 1008 1618 baptismi
1030 1518 1216 1618 susceptio

109 1653 175 1702 tem
201 1627 292 1702 ellici
319 1655 386 1704 non
410 1647 526 1731 posset
549 1648 816 1720 sacramentum,
844 1632 1010 1707 eiusmodi
1043 1631 1212 1722 habitus,

109 1745 288 1846 utpotequi
302 1745 461 1821 inactum
474 1773 659 1847 numquam
675 1773 851 1847 erumpere
864 1763 997 1848 posset,
1017 1746 1101 1825 loret
1118 1773 1214 1847 pror-

109 1887 158 1936 tus
185 1862 318 1937 inutilis
335 1867 424 1961 (19).

168 1976 322 2066 Deinde,
343 1977 511 2067 subdunt;
531 2004 608 2053 cum
625 1980 785 2076 coniuges
803 1977 846 2052 ad
864 1977 964 2053 fidem
989 1976 1142 2053 conversi
1164 1975 1215 2050 ul-

109 2091 186 2167 'actu
212 2093 361 2168 maritali
385 2094 636 2170 matrimonium
653 2110 908 2183 consummant,
928 2092 993 2168 hoc
1011 2094 1087 2193 ipso
1103 2091 1215 2168 denuo

109 2209 315 2284 tonsentiunt
332 2210 368 2284 in
385 2210 578 2309 coniugium
597 2211 727 2312 ipsum,
749 2226 846 2310 prout
862 2209 897 2283 in
910 2208 1035 2283 Christi
1053 2207 1210 2296 ccclesia,

109 2339 201 2426 itque
225 2324 314 2400 inter
334 2324 452 2401 fideles
476 2325 583 2424 uiget,
607 2351 675 2427 quo
696 2326 753 2414 iit,
773 2342 811 2401 ut
827 2324 913 2399 nihil
931 2324 1019 2400 desit
1035 2323 1079 2399 ad
1096 2348 1214 2398 verum

109 2455 348 2516 recrementum
366 2441 655 2530 constituendum,
671 2440 841 2542 siquidem
858 2457 993 2540 optatus
1010 2438 1154 2514 habetur
1170 2438 1214 2513 ad

109 2555 294 2653 coniugium
316 2580 502 2631 consensus
515 2583 555 2632 ex
567 2582 635 2657 quo
648 2581 755 2630 novus
773 2556 905 2653 exurgit
921 2580 1014 2630 mora
1030 2554 1215 2630 christiano

108 2687 312 2760 contractum
332 2670 371 2745 lit
387 2697 525 2773 prorsus
546 2671 792 2746 indissolubilis
818 2698 943 2759 nexus,
966 2669 1215 2772 perfectiusque

109 2784 278 2861 inhibetur
303 2786 553 2862 indissolubilis
574 2775 706 2863 ‘cuncti
731 2813 807 2861 cum
831 2787 975 2862 ecclesia
1000 2786 1210 2874 coniunctio,

109 2901 211 2976 ttius
238 2901 424 3002 acquiritur
452 2902 518 2977 hoc
542 2903 618 3002 ipso
639 2901 682 2976 ad
707 2901 856 2977 actuales
881 2902 1007 3001 gratias
1032 2902 1157 3003 quihus
1178 2902 1213 2974 in

109 3034 273 3116 ¹notrtcrum
298 3018 561 3093 matrimonialia
584 3017 726 3108 munia,
754 3018 936 3120 praecipuo
959 3043 1038 3094 vero
1062 3033 1213 3092 mutuam

109 3158 138 3207 tc
163 3134 457 3234 snpematuralem
479 3134 713 3224 dilectionem,
733 3161 802 3235 qua
826 3159 863 3209 se
888 3134 1032 3210 invicem
1053 3132 1213 3232 prosequi

109 3250 234 3347 possint
258 3248 393 3348 explere
421 3248 565 3324 valeant.
593 3251 681 3324 Sane
706 3249 887 3350 Apostolus
910 3250 948 3321 V.
974 3251 1031 3321 32.
1054 3272 1213 3345 magnum

109 3380 195 3440 rocat
221 3383 469 3440 sacramentum
490 3365 623 3440 illorum
644 3365 855 3463 coniugium,
881 3364 940 3464 qui
957 3389 998 3437 ex
1016 3361 1212 3436 infidelitate

109 3478 141 3554 td
166 3479 341 3555 Christum
366 3481 498 3556 luerent
517 3481 692 3570 conversi,
718 3479 912 3579 etquidem
937 3478 973 3552 in
996 3503 1075 3553 vara
1100 3502 1214 3552 sacra·

171 3757 224 3820 (to)
239 3760 298 3809 Loc.
314 3759 357 3809 eit.

169 3840 223 3901 (17)
239 3842 278 3889 De
291 3837 382 3903 synod.
398 3839 479 3891 dioec.
491 3839 534 3891 lib.
546 3841 612 3890 vili,
624 3851 648 3890 c.
658 3840 725 3890 xlii.

170 3919 224 3982 (18)
239 3921 268 3967 in
283 3922 306 3968 t.
318 3920 425 3970 sentent.
438 3919 463 3969 d.
476 3926 514 3970 ³9.
524 3920 619 3982 quaest.
635 3925 656 3970 1.
669 3920 715 3968 art.
728 3923 751 3967 t.
762 3917 792 3967 ad
806 3923 826 3967 1.

170 3999 223 4063 (19)
238 3999 311 4050 Circe
321 3999 507 4062 intelligentiam
518 3999 618 4049 adducti
626 4001 708 4049 1111111
715 3998 857 4050 s.Tiromae.
868 3995 906 4046 01.
913 3995 993 4046 (tollet
1002 3997 1038 4046 De
1046 3995 1214 4044 molthncnlo

109 4082 500 4145 ep.il.scct.v1.n.2soaeqq.
517 4080 559 4130 ubi
575 4079 687 4131 excludit
706 4081 758 4130 torn
774 4077 998 4145 interpretationem
1016 4074 1120 4136 Goneti,
1138 4086 1213 4138 (1111111

109 4159 196 4223 ὀιῑίἰ,
210 4160 271 4223 quin
282 4173 353 4210 sunm
364 4160 473 4211 adiiciat.
484 4161 647 4211 verisimilior
656 4159 822 4224 interpretatio
834 4156 940 4220 videtur,
950 4155 1017 4220 quod
1026 4154 1162 4221 significare
1171 4166 1215 4204 ro·

109 4241 173 4291 uerit
183 4255 204 4291 s.
219 4240 306 4290 doctor
317 4242 459 4303 coniugium
471 4240 608 4292 infidelium
619 4254 672 4295 esso
681 4240 860 4293 sacramentum
873 4237 970 4291 tantum
980 4237 1006 4288 in
1016 4234 1139 4302 potentia,
1151 4243 1215 4297 quta

109 4321 131 4371 td
143 4322 229 4374 actum
240 4322 371 4372 reducetur
381 4335 423 4386 per
434 4321 590 4388 haptnmum.
