2804 5062
154 373 223 425 llss.
235 373 268 423 V·
278 373 319 424 ll!
332 373 422 425 BGCL·
434 374 503 426 P0'l·
514 373 645 426 meaos.
659 374 801 426 mli-AC
814 376 847 427 nt
861 375 968 427 SPONS.
978 376 1048 427 aar.
1061 378 1096 428 ll.
1154 359 1220 430 197

125 493 316 568 bmnatione
332 520 473 593 operum
490 495 538 568 lo.
555 495 782 595 Nepumuceni
802 496 910 596 Nuytz
930 496 1134 593 professoris
1153 514 1223 572 tau-

125 609 271 697 inensis,
288 609 348 709 qui
368 609 553 683 obsoletam
566 609 694 683 iamdiu
711 611 942 711 iacentemque
963 638 1135 686 erroneam
1161 612 1222 688 do-

125 726 244 800 trinam
264 751 284 799 o
305 726 378 800 suis
404 725 576 799 cineribus
602 727 809 800 exsuscitare
833 753 900 801 non
918 727 1095 801 dubitavit.
1151 807 1153 811 Α

172 844 248 915 Non
270 868 405 915 omnem
425 858 535 914 tamen
552 842 707 942 potestati
726 842 883 942 politicae
899 844 1129 918 auctoritatem
1148 844 1222 917 adi-

125 958 227 1032 rimus
240 959 277 1031 in
293 957 486 1058 sponsalia,
511 959 572 1033 sed
590 960 742 1034 eamdem
766 960 797 1032 ci
817 961 997 1033 tribuimus
1011 988 1114 1062 quam
1133 960 1221 1035 ultro

125 1074 324 1149 onccdimus
337 1074 373 1145 in
391 1075 569 1172 coniugia,
586 1075 744 1148 nimirum
771 1101 873 1175 posse
890 1075 989 1150 civile
1013 1077 1163 1173 regimen
1181 1103 1222 1152 ea

125 1205 253 1264 tatuare
277 1213 318 1264 ac
340 1190 494 1278 sancire,
522 1216 610 1290 quae
634 1189 679 1263 ad
705 1190 831 1264 sociale
855 1190 981 1264 bonum
1005 1190 1217 1277 conducunt,

125 1330 261 1406 [uaeque
293 1303 381 1377 intra
414 1303 498 1378 fines
524 1305 759 1405 temporalium
784 1305 962 1381 effectuum
989 1306 1214 1380 eontinentur.

125 1421 232 1521 lempe
258 1419 303 1493 ad
327 1446 405 1493 eum
428 1420 567 1494 modum
594 1447 662 1521 quo
683 1435 831 1522 potestas
848 1420 958 1494 civilis
977 1436 1086 1520 potest
1103 1419 1218 1494 decla-

125 1561 178 1610 are
204 1536 242 1607 in
267 1536 340 1610 loro
363 1561 425 1609 sno
449 1536 607 1634 coniugia
631 1534 807 1633 illegitima
831 1561 872 1609 ao
896 1534 1012 1622 nulla,
1042 1561 1130 1635 quae
1156 1535 1222 1607 ini-

125 1667 177 1726 ant
202 1649 332 1725 subditi
356 1666 473 1725 contra
497 1651 609 1749 legum
628 1652 842 1736 sanctiones,
863 1651 910 1723 ita
922 1667 960 1723 ut
980 1676 1046 1724 nun
1068 1650 1222 1727 fruantur

125 1764 259 1840 inilibus
285 1765 483 1852 effectibus,
508 1766 559 1840 sie
578 1782 691 1866 potest
711 1792 749 1840 se
770 1792 884 1864 gerere
901 1765 1006 1839 relate
1020 1766 1061 1838 ad
1081 1790 1221 1864 sponsa-

125 1878 169 1970 la,
183 1882 231 1955 ita
251 1896 290 1954 ut
311 1880 441 1953 nullum
463 1880 595 1957 civilem
616 1881 769 1955 ellectum
785 1880 992 1981 producant,
1014 1880 1045 1954 si
1065 1906 1164 1956 secus
1179 1905 1219 1952 nc

125 1994 226 2096 rlege
246 2013 409 2071 statutum
434 2014 506 2085 est,
537 1997 757 2072 celebrentur.

177 2114 218 2186 llt
241 2113 357 2212 reipsa
379 2112 426 2186 ita
450 2114 675 2213 comperimus
700 2114 887 2213 antiquitus
913 2115 1026 2211 egisse
1045 2113 1222 2187 ecclesiam

127 2225 154 2301 in
176 2228 338 2302 relatione
362 2228 406 2301 ad
431 2228 523 2327 leges
549 2229 666 2303 civiles
691 2229 804 2330 quoad
830 2229 1041 2328 sponsalium
1068 2229 1221 2303 effectus.

125 2339 276 2418 lstordum
308 2344 399 2416 enim
429 2344 583 2444 probavit
613 2344 705 2442 leges
741 2345 884 2432 civiles,
920 2351 1007 2444 quae
1040 2359 1225 2417 statuerant

125 2456 181 2532 ino
212 2475 389 2560 parentum
414 2484 583 2535 consensu
609 2460 783 2560 sponsalia
815 2460 977 2534 celebrari
1007 2485 1074 2533 non
1107 2486 1220 2559 posse.

126 2573 181 2647 «ln
200 2573 433 2675 sponsalibus,
450 2576 562 2675 inquit
588 2576 850 2649 iurisconsultus
873 2575 1015 2663 Paulus,
1030 2576 1130 2649 etiam
1144 2600 1224 2648 con-

125 2712 228 2765 trusus
255 2718 371 2766 eorum
396 2692 581 2790 exigendus
606 2707 670 2779 est,
691 2718 834 2792 quornm
847 2694 882 2764 in
900 2692 1028 2792 nuptiis
1052 2691 1225 2766 desidera-

125 2816 166 2878 tur
179 2808 253 2903 (12)
267 2835 309 2893 ;»
337 2822 371 2881 et
395 2807 430 2879 in
455 2808 584 2907 nuptiis
611 2822 787 2907 parentum
809 2833 1013 2881 consensum
1039 2805 1226 2881 desiderari

125 2915 196 2993 ilem
215 2921 343 2995 Paulus
364 2938 505 3012 testatur
525 2922 661 2997 dicens:
681 2923 848 3022 «nuptiae
863 2922 1047 2996 consistere
1066 2928 1133 2995 non
1147 2947 1225 3021 pos-

125 3049 206 3122 unt,
238 3035 308 3108 nisi
338 3038 550 3110 consentiant
578 3063 717 3125 omnes,
748 3038 807 3136 qui
839 3051 983 3123 coeunt,
1016 3061 1227 3135 quorumque

125 3143 326 3249 upotestate
351 3166 431 3224 sunt
453 3154 576 3248 (l3).»
602 3151 714 3238 Quare
742 3150 924 3251 Ulpianus:
952 3151 1015 3220 «in
1037 3164 1223 3248 potestate,

125 3256 236 3363 bonit,
265 3282 421 3339 manente
445 3266 651 3365 filia,‘pater
672 3267 831 3339 nuncium
854 3266 1023 3338 remittere
1046 3279 1175 3364 potest,
1192 3277 1225 3336 et

125 3379 284 3476 sponsalia
308 3378 494 3453 dissolvere
510 3383 600 3476 (ll).
619 3410 637 3450 »
654 3381 725 3453 llas
750 3380 841 3478 leges
863 3379 1042 3452 ecclesiam
1066 3377 1146 3451 olim
1166 3377 1227 3449 ad·

125 3506 243 3591 plesse
265 3509 397 3568 constat
417 3521 458 3568 ex
475 3494 769 3594 pseudo-Evaristi
792 3493 972 3579 decretali,
1000 3519 1102 3593 quam
1117 3491 1226 3565 alleri-

125 3631 183 3683 nns
209 3627 339 3683 tantum
366 3627 403 3683 nt
422 3610 659 3684 documentum
685 3610 920 3709 antiquitatis:
940 3608 1101 3695 «Aliter,
1126 3607 1161 3679 in
1186 3633 1227 3679 ea

125 3724 249 3822 egitur,
276 3724 461 3824 legitimum
477 3784 484 3814 ,
500 3726 590 3800 sicut
602 3753 622 3800 a
636 3725 790 3825 patribus
808 3727 1001 3823 accepimus
1019 3741 1052 3797 et
1065 3751 1085 3796 a
1099 3723 1227 3796 sanctis

125 3842 272 3940 {postolis
292 3869 477 3944 eorumque
495 3843 751 3918 successoribus
766 3843 925 3916 traditum
945 3841 1147 3926 invenimus,
1161 3863 1227 3911 non

172 4103 225 4168 (⁴¹)
242 4104 336 4155 Paulus
352 4108 374 4155 1.
391 4111 429 4155 tt.
446 4107 482 4156 In
499 4103 616 4156 edictum
634 4105 660 4154 in
678 4104 725 4168 leg.
742 4108 766 4155 7.
783 4107 821 4154 De
837 4100 1012 4171 sponsolttus.

171 4185 225 4248 (ta)
237 4183 303 4235 Bad.
320 4185 374 4248 tege
388 4183 430 4234 Ad
442 4183 559 4236 edictum
571 4185 600 4235 tr.
615 4184 760 4235 Darttttus
778 4196 843 4247 nup.

171 4264 225 4326 (tt)
242 4263 365 4327 Ulpianus
380 4264 407 4314 ln
417 4264 436 4316 Ι.
450 4267 489 4316 De
494 4266 626 4330 potestate
643 4271 681 4315 ιο.
696 4267 735 4314 De
751 4277 838 4329 spons.
853 4263 957 4314 conant
968 4261 1051 4312 antem
1066 4273 1096 4312 ex
1106 4262 1136 4310 A.
1150 4257 1229 4310 Gellio

125 4342 205 4394 btv.
217 4344 295 4396 Nost.
311 4345 419 4397 atticor.
431 4356 454 4396 c.
470 4349 494 4397 t.
509 4345 595 4410 postea
610 4343 685 4397 tuisse
700 4342 779 4408 legem
794 4344 859 4395 hauc
874 4341 996 4395 sublatam
1007 4339 1051 4392 aut
1060 4338 1230 4405 temperatam.
