2804 5062
167 375 1104 435 orr.v.nnrcen.ror.vnooos.nsra.nouvsrons.rnr.v.
1159 357 1224 429 tot

132 495 353 568 consistorium
378 495 479 568 etiam
507 520 629 568 causae
654 494 926 594 sponsaliorum,
954 497 985 570 si
1010 495 1062 570 vel
1088 498 1232 572 maxime

130 610 183 685 sint
197 611 242 684 de
267 610 401 698 futuro3
430 626 463 684 et
480 611 634 710 quamvis
653 610 736 685 haee
756 612 918 685 rationem
940 613 1140 686 sacramenti
1160 640 1227 688 non

128 725 263 800 habeant
281 726 325 799 de
342 727 415 800 iure
432 727 625 826 pontificio,
651 728 847 827 hoeipsum
865 744 975 802 tamen
994 754 1053 801 eas
1079 756 1142 803 suo
1160 729 1231 802 foro

125 842 320 929 vindicavit,
350 859 382 915 et
408 841 554 917 adeius
569 843 757 949 exemplum
780 845 894 944 pravis
920 847 1226 945 protestantium...

125 961 183 1032 lino
205 958 294 1031 adeo
312 957 355 1029 ad
374 958 610 1032 consistorium
629 959 693 1031 hae
711 986 834 1032 causae
857 975 1029 1058 spectant,
1057 976 1094 1032 ut
1117 962 1232 1060 nequi-

125 1075 187 1151 dem
205 1077 427 1173 magistratus
444 1076 607 1153 secularis
627 1089 686 1176 per
703 1077 840 1151 rn‘odum
858 1077 1106 1177 praeventionis
1127 1078 1170 1152 de
1188 1078 1231 1150 iis

125 1210 318 1290 cognoscere
336 1208 437 1290 quent
459 1249 465 1262 .
484 1248 491 1263 .
509 1248 515 1264 .
533 1191 623 1276 Quid
646 1191 811 1291 quaeris?
838 1194 894 1265 lus
921 1193 1120 1267 canonicum
1146 1194 1231 1267 adeo

125 1333 235 1387 ιιιιιε
252 1306 521 1381 matrimoniales
540 1307 611 1382 soro
629 1308 858 1384 eeclesiastico
875 1308 1040 1395 vindicat,
1058 1324 1094 1382 ut
1111 1311 1231 1410 nequi-

125 1422 187 1497 iem
213 1423 406 1496 incidenter
430 1423 557 1501 iniero
582 1424 730 1497 'seculari
749 1424 881 1500 tractari
901 1436 1046 1524 queant,
1072 1425 1175 1500 veluti
1200 1427 1231 1499 si

125 1537 373 1621 matrimonialis
390 1539 545 1638 quaestio
560 1567 624 1640 per
640 1540 1002 1641 modumex'oeptionis
1019 1599 1027 1630 ‚
1055 1568 1151 1616 aree
1168 1552 1230 1641 op-

125 1669 270 1754 ponatur,
292 1670 326 1726 et
339 1652 501 1729 inde'litis
520 1653 717 1754 principalis
735 1656 864 1733 decisio
882 1655 1038 1755 pendeat
1056 1657 1232 1731 Sio'ca'a'sa

125 1769 346 1853 stooeesionis
363 1796 467 1869 saepe
484 1769 655 1870 dependet
668 1773 923 1872 enquaestione,
935 1771 1160 1869 legitimorum
1173 1798 1231 1846 na-

125 1885 252 1974 talium,
282 1912 371 1985 quae
388 1913 506 1960 rursus
526 1886 562 1958 in
580 1913 701 1962 novam
719 1888 860 1962 solvitur
879 1886 991 1974 litem,
1015 1904 1127 1960 utrum
1145 1886 1230 1984 legi·

125 2000 234 2081 timnnr
249 2006 339 2077 inter
358 2002 606 2105 eiusparentes
627 2004 682 2079 eui
700 2003 927 2081 controversia
940 2012 1048 2077 status
1065 2020 1227 2089 movetur,

125 2115 372 2193 matrimonium
391 2131 597 2193 contractum
615 2117 745 2196 suerit?
768 2117 914 2195 Proinde
934 2117 1088 2217 quaestio
1107 2116 1232 2217 princi-

126 2231 203 2331 [ιιι
229 2232 361 2312 tamdiu
386 2233 649 2332 suspendenda,
672 2217 800 2311 donec
808 2234 851 2309 de
875 2246 979 2309 musa
953 2233 1204 2365 natalium
1195 2259 1231 2305 m

128 2347 187 2427 fevo
202 2348 448 2427 ecclesiastico
461 2351 560 2428 saevit
584 2351 757 2448 cognitum
776 2353 909 2447 (21).»

140 2466 382 2543 Kemnitius
403 2466 540 2543 admisit
563 2467 700 2567 quidem
727 2467 893 2541 eiusmodi
911 2491 1038 2540 causas
1036 2465 1103 2538 ad
1128 2467 1232 2564 magi-

129 2593 258 2652 stratum
275 2579 451 2679 politicum
469 2581 654 2681 pertinere,
683 2581 846 2655 ecclesiae
868 2598 982 2655 ,tamen
1000 2607 1083 2655 esse·
1094 2588 1232 2655 conten·

130 2691 170 2773 dit
188 2695 233 2776 da
256 2695 396 2770 casibus
417 2697 642 2776 eonscientiae
667 2698 895 2795 respondere,
924 2698 985 2799 qui
1001 2700 1096 2771 eirca
1120 2697 1232 2771 matri-

131 2809 267 2892 monium
284 2835 328 2882 ex
346 2809 450 2885 verbo
470 2811 530 2884 Dei
549 2811 697 2911 pendent
716 2813 939 2909 (22).'Plures
957 2812 1233 2914 denique'prote-

132 2939 246 3005 utres
260 2926 373 3024 ipsum
385 2914 626 3008 catholicorum
641 2929 695 3003 ius
709 2929 906 3002 canonicum
921 2929 1123 3029 adoptarunt
1139 2930 1229 3024 (23),

132 3056 216 3140 uque
241 3041 286 3115 ad
312 3042 419 3115 forum
446 3024 708 3121 ecclesiasticum
735 3055 862 3120 causas.
890 3042 1153 3117 matrimoniales
1180 3067 1233 3114 re-

131 3173 289 3233 vocarunt.
307 3157 521 3236 Auctoritas
512 3173 626 3264 itaque
643 3159 762 3234 saltem
784 3160 1041 3258 protestantium
1053 3159 1097 3230 iis
1116 3155 1234 3252 regali·

132 3272 186 3353 ιιὶι
208 3274 416 3354 silentium
407 3292 599 3373 imponat,
608 3276 736 3378 quibus
764 3277 954 3351 traditionis
984 3273 1168 3401 catholicae
1199 3287 1233 3345 et

131 3387 282 3463 eeclesiae
300 3415 366 3462 non
394 3391 517 3465 sufficit
542 3393 736 3466 auctoritas.

183 3621 235 3686 (21)
250 3575 317 3672 lntd.
329 3620 368 3685 §§.
379 3629 419 3675 2⁵.
432 3629 472 3675 tt.
488 3627 526 3674 27.
539 3634 594 3688 pag.
605 3628 732 3675 eet-root.
743 3624 834 3674 Eadem
849 3622 922 3673 trabat
933 3622 1097 3673 Boetelrnnnn
1106 3618 1232 3682 Dedisse·

126 3703 209 3757 'attis
229 3705 299 3752 turis
319 3702 405 3752 ctottts
422 3705 448 3753 et
467 3705 603 3765 cauerint,
616 3703 659 3768 qui
675 3703 778 3754 summis
793 3702 908 3754 laudibus
923 3703 962 3753 tus
976 3702 1121 3753 mannicum
1136 3699 1231 3764 pontiti·

126 3776 184 3833 dur
202 3781 284 3833 uren.
331 3810 334 3814 ›

150 3896 166 3927 ,.
183 3864 237 3931 (ιι)
252 3864 281 3913 ln
298 3871 323 3915 ι.
334 3864 398 3928 part.
411 3866 538 3917 Enomtn.
559 3878 630 3930 none.
651 3863 714 3916 run.
729 3877 784 3930 pag.
797 3869 851 3916 rvr.

184 3945 236 4007 (ιι)
253 3944 391 3995 vernetum
409 3947 511 4009 tegimus
526 3946 552 3996 in
570 3946 666 3997 ordine
683 3945 805 3996 ecckstue
819 3946 1070 3996 Bruoeotoenstson.
1088 3948 1155 3992 1669.
1172 3943 1235 3991 Item

125 4023 142 4073 tr
160 4024 353 4090 untuorentn
371 4025 556 4086 eommotenatt
577 4026 786 4090 Brnndebnrgenst
802 4025 1023 4077 an.157o.vet.t.
1040 4034 1094 4087 pag.
1110 4028 1164 4073 ete.
