2804 5062
23 4406 29 4457 i

137 374 1031 435 mr.1v.meccn.roms.snmu.nnro.conmanunt.
1086 354 1154 436 tt't

64 505 135 601 giem
151 496 399 589 christianum,
416 501 545 611 romani
566 488 742 601 pontifices
767 497 961 601 illegitimos
980 492 1158 577 [ilios'ubi-

63 645 110 718 que
132 636 294 692 terrarum
321 643 389 691 nou
419 616 566 704 directe,
595 617 656 690 sed
679 617 834 690 indirecte
859 639 1002 715 capaces
1028 617 1158 693 efficere

60 750 184 833 possunt
198 732 475 819 successionum,
491 748 525 805 et
539 723 830 834 quorumcumque
847 733 970 805 iurium
995 749 1160 833 tempora·

59 847 141 936 liam,
156 847 344 921 dummodo
361 862 471 920 temen
486 845 576 920 adsit
592 863 760 944 magnast
778 848 1016 946 urgentissima
1029 870 1156 938 causa,

58 985 88 1035 ec
103 961 287 1037 dummodo
308 961 420 1062 pmles
441 955 598 1063 susceptu
620 989 687 1035 nou
717 961 818 1036 suerit
840 991 881 1036 ex
907 963 1027 1064 copula
1051 957 1166 1036 mani--

55 1077 119 1151 feste
131 1077 333 1164 fornicaria3
351 1077 429 1149 item
442 1077 625 1151 dummodo
640 1079 889 1152 matrimonium
904 1104 944 1152 ex
965 1104 1032 1179 quo
1045 1078 1157 1179 proles

54 1190 213 1288 illegitima
231 1206 284 1264 est
308 1192 485 1290 progenita
504 1217 572 1264 non
590 1192 688 1265 fuerit
710 1193 839 1266 nulium
859 1209 995 1294 propter
1012 1194 1158 1293 impedi·

54 1322 183 1378 ueomm
210 1305 299 1377 iuris
326 1304 489 1378 naturalis
507 1304 560 1379 vel
577 1305 683 1379 divini
706 1310 795 1403 (39).

107 1421 347 1494 Verumtamen
365 1444 432 1495 non
448 1421 588 1494 deiuere
612 1423 671 1521 qui
689 1425 890 1508 contrariam
916 1425 1087 1499 mordicus
1109 1450 1159 1499 ee·

54 1552 208 1611 ceremur
226 1536 457 1623 *senteutiam
486 1536 765 1638 tmduoerentque
789 1564 1001 1614 communem
1025 1555 1161 1615 sentcn-

55 1651 116 1724 tiam
142 1650 251 1726 ueluti
265 1650 519 1748 aggressionem
533 1648 744 1726 romanorum
772 1649 966 1754 pontificum
984 1657 1158 1755 intempo-

56 1764 123 1839 ntia
146 1765 344 1866 principum
366 1766 454 1839 iura.
475 1766 518 1838 Hi
537 1756 572 1838 in
590 1767 709 1841 Galliis
728 1768 943 1867 potissimum
959 1770 1154 1867 viguerunt,

56 1881 295 1980 qoiclaueulas
313 1881 516 1982 quae'citca
542 1881 649 1982 prolis
674 1879 948 1981 legitimationem
975 1885 1009 1955 in
1035 1878 1161 1956 litteris

58 1995 298 2094 eposmlicarum
311 1995 611 2096 ‚dispensationum
635 1997 671 2069 in
696 1997 945 2098 impedimentis
971 1993 1158 2070 dirimenti-

59 2107 224 2186 tooauitci
245 2110 375 2199 solent,
394 2111 575 2212 tamquam
591 2112 745 2186 oiueicet
770 2139 811 2187 ac
833 2116 950 2186 irritos
974 2139 1053 2188 esse
1077 2139 1159 2188 con-

60 2226 194 2316 tendunt,
211 2245 247 2301 et
263 2253 286 2300 a
301 2254 439 2301 mmana
463 2229 559 2302 ouria
571 2229 782 2317 adinventas,
798 2246 852 2317 ut,
869 2226 1155 2330 quemadmodum

62 2340 247 2446 loquuntur,
277 2345 430 2419 fimbriae
452 2346 647 2447 pontificiae
673 2341 917 2421 iurisdictionis
946 2347 982 2419 in
1008 2346 1161 2421 saecula·

63 2459 126 2534 ium
153 2461 349 2562 principum
367 2459 528 2536 dominiis
553 2458 785 2536 dilatarentur.
815 2462 918 2536 Aiunt
934 2463 1025 2536 enim
1049 2460 1159 2561 legiti-

62 2577 220 2651 outionem
247 2576 353 2677 prolis
379 2578 492 2678 quoad
517 2579 634 2652 civiles
659 2578 798 2653 effectus
824 2580 905 2678 regii
934 2572 1044 2654 solum
1070 2573 1157 2653 iuris

63 2714 137 2779 osse,
165 2707 240 2767 nect
255 2692 464 2792 pontificiam
489 2708 687 2795 potestatem
712 2694 854 2769 ulterius
876 2694 1029 2796 protendi
1057 2720 1159 2795 quam

63 2821 90 2878 ut
101 2806 293 2906 illegitimos
311 2806 477 2904 legitimos
494 2809 619 2882 efficiat
636 2826 791 2909 respectu
808 2811 987 2884 effectuum
1004 2812 1160 2911 spiritua-

63 2917 125 2994 lium
148 2940 185 2998 et
207 2921 533 3010 ecclesiasticorum,
554 2950 677 3023 nempe
694 2921 903 3024 suscipiendi
921 2920 1078 3014 ordines,
1099 2922 1159 2999 ob-

61 3035 241 3139 tuendique
253 3038 419 3113 beneficia
431 3055 465 3112 et
478 3040 546 3113 alia
557 3038 738 3114 eiusmodi.
753 3036 907 3115 Subduot
918 3043 1059 3140 insuper
1070 3033 1161 3114 clau-

60 3151 134 3227 sulas
151 3154 325 3254 praefatus
342 3154 480 3228 omnino
498 3152 634 3228 inutiles
652 3182 745 3244 esse,
761 3182 801 3229 ao
814 3158 858 3230 de
875 3183 997 3255 genere
1011 3157 1157 3242 illarum,

58 3291 128 3363 quae
150 3271 317 3342 sitiuntur
341 3286 374 3345 et
403 3297 467 3342 ooo
500 3273 642 3355 vitiant,
671 3270 752 3343 dum
779 3270 975 3369 legitimatio
1008 3270 1160 3371 provenit

57 3405 86 3453 cr
102 3400 228 3458 ustura·
243 3385 291 3458 rei
308 3400 444 3485 propter
460 3383 656 3485 subsequens
673 3383 923 3460 matrimonium
941 3410 1017 3485 cap.
1038 3386 1157 3456 Tecto.

59 3496 113 3583 to·
128 3502 199 3601 oto
216 3499 287 3573 otoo
308 3500 448 3600 uqtotmt
475 3502 565 3597 (oo).

114 3615 187 3688 iam
205 3640 289 3689 vero
309 3614 491 3702 iniustam,
520 3614 623 3689 immo
639 3614 674 3690 et
696 3616 943 3690 calumniosam
966 3616 1002 3688 in
1026 3612 1163 3715 aposto-

58 3723 140 3802 licum
166 3729 286 3804 ecdem
310 3730 392 3803 'cese
417 3729 509 3804 hauc
533 3731 781 3806 accusationem
807 3731 930 3807 exinde
947 3745 1055 3831 patet,
1072 3728 1162 3830 quod

59 3838 104 3917 illu
123 3843 288 3917 indirecto
309 3843 561 3920 ecclesiasticae
578 3847 764 3920 sanationis
782 3846 932 3921 efficacia
956 3845 1067 3945 quoad
1085 3843 1164 3917 hae

62 3957 217 4033 odiosum
228 3999 240 4046 ,>
255 3960 523 4048 successionem,
540 3959 674 4060 aliaque
691 3961 885 4034 huiusmodi
905 3961 939 4032 in
957 3959 1056 4032 terris
1073 3968 1176 4060 quae‘

116 4203 163 4346 iiii
179 4203 370 4337 iiidimcdiiiiri
385 4287 470 4349 Arndt,
482 4285 549 4349 quod
560 4282 651 4350 passim
662 4285 687 4335 iu
706 4286 842 4337 Galliarum
857 4282 1022 4335 Miuuaiibus
1037 4275 1165 4335 dicobsiut

74 4352 157 4412 fluiter
166 4376 206 4417 nn.
223 4368 290 4418 tout.
303 4365 336 4416 ct.
350 4365 492 4429 ntuentium
509 4365 535 4416 iu
552 4368 611 4429 urg.
626 4367 668 4416 lv.
682 4364 798 4416 dococti.
811 4376 836 4415 o.
853 4369 897 4417 tto
908 4374 978 4429 seqq.

26 4462 31 4515 3
120 4465 183 4522 11,
1082 4471 1116 4524 12

28 4546 36 4631 i
