2804 5062
143 349 212 422 tto
388 369 450 421 un.
471 369 506 420 u.
527 368 614 420 sacr.
635 369 659 419 ι.
680 367 722 418 nc
739 365 866 419 rorssr.
889 364 1016 418 rernm.

140 487 352 563 matrimonia
380 486 507 562 nullius
540 503 621 562 sunt
648 485 797 575 valoris,
829 484 859 561 si
890 483 961 558 illis
995 483 1031 556 in
1064 482 1256 582 regionibus

140 602 350 677 celebrentur
373 603 409 676 in
433 602 560 705 quibus
585 601 671 676 illud
696 602 868 677 decretum
894 599 1040 687 obtinet,
1070 598 1149 673 sine
1170 623 1258 700 prae-

142 719 251 793 sentia
283 719 422 819 parochi
451 719 633 809 catholici,
670 718 882 818 duorumque
912 715 1062 790 testium.

213 834 381 907 Secuodm
400 835 521 909 Notum
538 850 591 909 est
606 860 647 908 ex
664 832 807 907 historia
822 831 956 907 concilii
975 830 1170 919 tridentini,
1188 830 1258 905 ideo

142 947 322 1023 concilium
341 950 543 1049 apposuisse
561 974 623 1023 suo
641 947 775 1022 decreto
792 946 1018 1022 conditionem
1041 945 1087 1018 de
1109 945 1257 1047 publica·

142 1064 232 1139 tione
252 1064 287 1136 in
310 1064 454 1162 singulis
480 1065 662 1165 paroeciis,
691 1089 734 1137 ne
759 1064 855 1137 irrite
878 1062 1060 1136 evaderent
1076 1061 1257 1136 baeretico-

142 1189 217 1251 rum
241 1178 409 1252 connubia
433 1179 562 1267 omnia,
592 1205 655 1279 pro
686 1193 776 1253 certo
810 1177 940 1252 babens
973 1175 1068 1277 quod
1100 1176 1172 1277 ipsi
1197 1202 1256 1250 nnn

142 1308 258 1369 essent
281 1293 316 1367 in
342 1294 415 1369 suis
441 1293 626 1369 ditionibus
644 1292 848 1395 publicaturi
866 1292 931 1367 boc
953 1318 1055 1367 suum
1076 1292 1253 1367 decretum.

145 1407 237 1508 Ergo
254 1408 320 1484 boc
336 1408 411 1511 ipso
428 1410 575 1485 ostendit
590 1408 771 1485 concilium
787 1407 874 1505 velle
890 1434 929 1483 se
944 1407 1047 1482 etium
1058 1407 1253 1492 haereticos,

142 1522 206 1601 ubi
233 1523 442 1625 publicatum
467 1525 567 1600 luerit
591 1551 690 1600 suum
715 1525 901 1614 decretum,
928 1523 1143 1622 obstringere
1173 1525 1253 1622 (it).

219 1640 340 1713 Tertio:
365 1639 522 1715 latentur
552 1638 707 1742 plerique
737 1665 855 1715 omnes
871 1638 1028 1737 coniugia
1059 1638 1169 1714 mixta
1195 1636 1254 1713 illis

145 1755 184 1828 iu
202 1754 397 1854 regionibus
415 1756 500 1830 inita
514 1756 551 1829 in
569 1754 696 1857 quibus
713 1755 842 1831 obtinet
857 1755 1027 1830 decretum
1044 1754 1255 1828 tridentinum

146 1870 273 1946 nullius
298 1870 399 1974 plane
426 1898 504 1947 esse
525 1871 673 1959 valoris;
702 1898 801 1972 porro
826 1898 894 1946 non
924 1870 991 1946 alia
1020 1869 1064 1944 de
1093 1896 1199 1944 causa
1219 1869 1254 1941 ir·

143 1987 209 2061 rita
233 2003 414 2063 censentur
436 2014 477 2062 ac
508 2004 588 2062 sunt
619 1988 786 2062 eiusmodi
810 1985 998 2074 connubia,
1032 2012 1139 2087 quam
1174 1983 1253 2086 qued

145 2101 246 2177 etiam
264 2102 423 2177 baeretici
442 2102 499 2179 illo
516 2102 788 2202 obstringuntur,
815 2102 965 2203 alioquin
982 2100 1026 2176 ob
1043 2101 1254 2177 individuitas

143 2231 210 2290 tem
239 2232 460 2305 contractus,
493 2216 606 2291 valida
632 2218 757 2307 lorent,
790 2217 821 2292 si
846 2216 1004 2292 baeretici
1030 2215 1106 2316 lege
1139 2216 1254 2292 triden-

145 2332 217 2407 tina
242 2359 310 2408 non
336 2350 544 2424 tenerentur;
573 2335 622 2410 uti
648 2336 762 2435 reipsa
785 2334 898 2410 valent
920 2333 1093 2409 connubia
1117 2332 1205 2409 baec
1228 2331 1253 2408 si

144 2474 224 2548 pers
250 2449 415 2525 catholice
439 2476 517 2526 cum
541 2451 710 2527 haeretico
735 2468 889 2551 exempto
914 2451 1052 2551 nuptias
1079 2449 1184 2525 ineat.

213 2637 263 2701 (ia)
279 2637 359 2689 iiuiua
374 2639 410 2690 rei
428 2640 498 2691 testis
515 2642 553 2691 esi
563 2640 772 2705 locupletissimus
787 2640 856 2691 card.
873 2639 1031 2703 Paliavicini,
1050 2640 1095 2703 qni
1112 2639 1255 2691 comuiiata

145 2713 283 2767 Galliarum
302 2719 393 2771 nuncio
408 2719 549 2784 repondit:
564 2710 609 2772 nli
622 2723 693 2773 certo
711 2735 826 2786 appresso
837 2722 846 2772 i
856 2721 979 2782 cadoiici,
991 2721 1037 2771 circ
1053 2721 1086 2784 gi’
1094 2716 1256 2784 impedimenti

145 2793 273 2847 dirimenti
293 2798 390 2849 statuiii
400 2798 442 2850 dai
453 2799 541 2851 diriitc
552 2802 684 2865 canonico,
698 2801 881 2866 comprendono
897 2814 988 2852 ancora
1004 2801 1037 2865 gii
1055 2801 1158 2865 cretici,
1170 2801 1256 2853 siluro

147 2877 311 2928 matrimonii:
324 2879 477 2942 imperocebe
486 2882 519 2944 gii
529 2882 612 2933 cretici
622 2882 646 2932 in
656 2882 723 2932 virid
732 2880 772 2932 dcl
783 2882 912 2932 battesime
921 2894 982 2933 sono
992 2880 1088 2932 sudditi
1099 2881 1167 2933 dciia
1175 2882 1256 2942 cbiaa,

144 2966 177 3006 ne
186 2954 203 3003 Ι·
210 2957 296 3007 esserd
308 2958 340 3007 du
351 2957 382 3010 lei
394 2960 617 3024 merendune,
628 2960 971 3026 githnpetuiodiscbbligare
979 2960 1045 3012 dalis
1053 2973 1099 3012 aue
1106 2961 1174 3026 καί
1182 2980 1190 3024 3
1198 2971 1257 3012 cone

144 3033 205 3085 niun
215 3035 324 3100 sudditc,
337 3037 426 3101 perche
437 3037 464 3090 di
475 3039 535 3089 inito
546 3039 567 3090 si
579 3042 701 3104 sottrngga
712 3041 754 3091 aii’
763 3040 912 3091 obbedieum
923 3039 963 3090 del
976 3053 1021 3090 sno
1032 3040 1162 3104 principe,
1174 3041 1258 3091 rimam

144 3111 234 3165 soioiio
250 3113 291 3166 dal
306 3116 390 3167 debito
407 3117 549 3169 d'osserrar
560 3117 583 3169 ie
593 3132 637 3170 sue
648 3118 843 3170 corumdem...
853 3118 958 3177 Quando
968 3119 1008 3169 nel
1019 3119 1128 3169 concilio
1140 3119 1168 3170 di
1176 3119 1257 3170 Trcnic

143 3193 165 3245 ai
176 3196 251 3246 tutte
262 3195 415 3248 d’annuiiare
432 3199 472 3262 pei
486 3200 567 3263 tempe
579 3199 694 3250 arvenire
704 3200 712 3249 i
722 3199 872 3251 matrimonii
886 3198 1041 3262 clandestini,
1052 3212 1067 3249 a
1077 3199 1104 3249 di
1114 3201 1258 3264 preserirere

145 3286 160 3323 a
177 3279 265 3338 qumio
276 3276 326 3327 iine
335 3289 384 3327 una
394 3290 477 3328 nuova
488 3278 568 3330 ferma
578 3279 725 3342 cesenniaie,
739 3280 764 3330 iu
777 3282 880 3344 epposto
896 3280 942 3331 ebe
957 3279 996 3330 oid
1012 3278 1194 3342 agionmebbe
1204 3276 1257 3341 iiiia·

146 3353 172 3403 di
184 3355 333 3420 legitimitde
344 3357 482 3423 d'erediii3
495 3359 584 3423 perche
595 3360 629 3409 ini
642 3360 720 3410 iorme
731 3359 796 3423 dagli
808 3360 892 3411 cretici
905 3372 955 3410 non
968 3358 1071 3410 sarebbe
1088 3362 1229 3421 enacmin
1245 3369 1257 3408 e

145 3435 172 3484 io
191 3438 293 3499 pensato
311 3437 336 3487 di
356 3438 489 3502 provenere
499 3453 515 3490 a
525 3440 565 3491 eid
575 3453 622 3490 cen
634 3441 717 3504 quella
734 3440 894 3501 condicione,
910 3440 957 3491 ebe
967 3438 1001 3490 inl
1014 3439 1115 3491 decreto
1131 3453 1184 3491 non
1203 3437 1257 3491 obli-

143 3527 228 3579 gasse,
243 3529 331 3568 senen
346 3531 381 3569 nn
396 3520 503 3570 meseda
512 3521 563 3584 poi,
574 3521 620 3571 che
629 3520 694 3571 iesse
704 3519 830 3585 publicato
839 3520 904 3571 aelia
914 3519 1045 3583 parochia:
1063 3519 1257 3578 consideraturi.

144 3595 191 3646 cire
201 3597 236 3647 iai
250 3597 420 3662 pubiicazione
437 3614 487 3652 non
502 3600 650 3652 arverrcbbe
668 3602 706 3651 ne'
718 3602 784 3665 paesi
803 3600 868 3665 degii
881 3601 982 3664 cretici,
1001 3613 1015 3650 e
1032 3601 1085 3651 cosi
1104 3614 1156 3651 non
1172 3601 1194 3652 ai
1210 3611 1257 3651 raa·

143 3677 284 3730 derabbeno
303 3680 366 3729 nulli
383 3681 392 3730 i
407 3682 462 3732 iero
478 3683 644 3745 matrimonii;
659 3682 681 3732 tl
691 3683 738 3734 cite
753 3684 854 3733 mnatre
868 3681 917 3734 cite
932 3682 960 3733 iu
974 3680 1062 3733 chiesa
1078 3679 1258 3734 tcintoeoete

142 3757 181 3822 aii
197 3761 357 3810 malmintun
368 3759 480 3824 obticuit
491 3774 543 3812 non
558 3761 614 3812 acio
629 3760 702 3812 daile
712 3774 760 3812 aue
774 3760 843 3825 iconi
854 3763 976 3825 peracte,
992 3773 1037 3811 mu
1052 3760 1178 3812 extundis
1192 3758 1259 3811 cintia

138 3837 246 3898 future.
265 3840 292 3890 1:
304 3839 367 3890 altra
378 3840 402 3902 e,
415 3841 460 3891 che
473 3841 616 3904 qualunque
625 3842 692 3891 volta
703 3842 724 3892 si
734 3844 883 3892 convertano
894 3841 943 3892 alia
954 3840 1073 3904 religione
1083 3842 1203 3892 rattoiica
1213 3852 1258 3891 na·

144 3917 193 3967 rite
201 3930 216 3968 c
225 3918 316 3982 moglie
324 3918 422 3981 cretici,
434 3919 472 3969 ira
481 3919 551 3982 quali
561 3920 626 3971 iesse
637 3919 812 3983 impedimento
821 3920 964 3984 dirimente,
975 3919 1115 3983 obicione,
1127 3933 1142 3971 a
1152 3919 1259 3984 sugnens

144 3996 253 4047 ottenere
261 3997 286 4047 la
295 3997 443 4061 dbpcnsadi
456 4001 619 4050 nuoramente
628 4002 761 4050 contrarrc.
773 4002 809 4050 Lo
822 4000 868 4049 che
879 4000 955 4050 rende
969 3999 1064 4062 chiaro,
1074 3999 1123 4050 cbo
1135 4000 1162 4051 ia
1172 4000 1259 4061 enter.

145 4087 159 4126 c
170 4087 260 4127 centon
271 4090 343 4128 eenw
357 4078 394 4128 de'
402 4078 511 4129 cettobci
522 4079 554 4128 ha
564 4078 640 4142 quelli
652 4079 803 4130 antecedenti
814 4078 964 4130 matrimonii
973 4090 1023 4144 per
1035 4077 1117 4142 uetiti,
1125 4092 1197 4131 coms
1207 4092 1260 4131 cta·

143 4155 212 4206 tratti
224 4154 291 4221 dagli
304 4158 387 4208 cretici
404 4161 491 4210 contro
504 4160 528 4209 ia
541 4159 707 4223 prohibitione
722 4160 889 4212 ecclesiastiea
907 4159 1062 4210 dirimente-
1078 4159 1158 4212 illeiis
1173 4160 1262 4212 Μίαν

143 4232 339 4288 discernimini.
354 4242 406 4288 tra.
416 4237 481 4301 apud
494 4238 565 4288 tine.
578 4239 650 4290 Petra
660 4238 685 4289 in
697 4238 1262 4294 comment.adsensunxialoauniaxxii.

144 4325 170 4366 n.
184 4320 223 4366 id.
