2804 5062
141 349 212 423 tat
390 370 452 422 cn.
473 369 510 422 n.
531 368 617 422 secr.
634 369 658 421 1.
674 369 715 421 nr
733 369 858 422 rorssn
876 371 1003 424 mcccc

141 498 248 564 stema
270 487 351 562 dum
377 489 598 590 praescripsit
613 489 822 565 conditiones
848 490 914 563 sub
929 489 1059 590 quibus
1076 487 1158 565 illae
1176 517 1253 567 con·

140 605 214 679 cedi
241 604 331 679 licite
350 622 509 705 possent,
531 605 633 679 immo
657 623 691 679 et
707 606 868 680 deberent
884 633 928 679 ec
950 609 1099 690 rustitio,
1121 632 1162 681 ac
1188 607 1253 682 fere

140 720 285 795 abolevit
301 720 522 794 relaxationes
535 747 578 793 ec
590 724 701 819 protis
719 739 854 823 propter
870 748 956 822 quas
974 721 1084 797 solum
1097 722 1253 799 adeunda

140 854 230 910 esset
248 834 433 935 apostolica
450 835 561 909 sedes.
584 836 689 922 Quasi
708 863 828 936 nempe
842 854 919 910 ante
933 837 968 910 id
987 837 1148 936 temporis
1168 863 1253 912 rom.

140 950 315 1050 pontifices
340 950 540 1050 dispensare
564 952 802 1025 consueverint
831 951 961 1050 absque
992 952 1135 1050 cognita.
1151 976 1253 1027 caua

140 1089 180 1138 ac
205 1065 279 1139 sine
304 1082 444 1162 urgente
467 1066 560 1163 gravi
587 1091 691 1139 causa
715 1083 773 1139 aut
791 1067 909 1140 maiori
934 1065 1097 1153 utilitate;
1120 1084 1156 1140 at
1177 1092 1253 1143 vere

140 1206 179 1253 ex
205 1181 302 1254 factis
334 1180 480 1281 publicis
511 1197 613 1280 atque
638 1181 778 1255 notoriis
810 1181 1014 1256 contrarium
1040 1198 1186 1256 censat.
1216 1183 1253 1257 llt

140 1321 244 1368 unum
269 1313 380 1370 autem
398 1296 581 1370 alterumve
603 1296 639 1368 in
662 1297 809 1370 medium
835 1296 1017 1372 afferamus
1037 1297 1253 1396 exemplum

140 1439 209 1486 sec.
229 1415 320 1485 xtlt.
342 1412 539 1513 alphonsus
565 1440 621 1486 rex
647 1412 811 1488 Castellae
835 1413 879 1488 ad
904 1414 1109 1487 Clementem
1128 1416 1184 1486 lll.
1205 1439 1253 1489 re·

139 1527 243 1600 currit
258 1526 449 1600 facultatem
468 1544 587 1626 petens
601 1527 754 1601 tradendi
776 1529 880 1600 filiam
900 1555 996 1601 suem
1018 1527 1089 1601 filio
1108 1528 1253 1628 impera·

139 1643 221 1717 toris
241 1642 396 1714 Bnlduini
415 1669 560 1742 quorum
580 1643 708 1742 nuptiis
731 1644 1007 1743 impedimentum
1027 1642 1201 1717 obstabat.
1216 1643 1253 1717 dt

139 1784 222 1832 rom.
252 1758 400 1857 pontifex
418 1784 483 1831 non
504 1759 587 1831 satis
605 1785 724 1855 graves
747 1758 909 1832 iudicarit
926 1783 1051 1832 causas
1077 1758 1253 1835 relaxatio-

139 1872 193 1946 nis
210 1898 312 1972 qnam
331 1898 388 1945 rex
406 1870 629 1970 exposcebat,
655 1872 735 1945 hinc
752 1899 826 1945 eam
844 1872 1021 1969 denegavit
1042 1872 1253 1947 rescribens:

142 1987 264 2073 «Quia
283 2015 340 2088 pp.
363 2014 412 2061 ss.
437 2014 585 2061 canonos
615 1988 649 2059 in
670 2013 711 2060 ca
737 2004 818 2060 sunt
843 1987 1014 2061 soliditate
1039 1988 1195 2077 fundati,
1220 2002 1253 2063 ut

138 2102 182 2174 ab
207 2102 258 2176 eis
275 2102 466 2176 nullatenus
485 2103 596 2176 recedi
621 2103 739 2177 deceat
760 2116 819 2176 aut
841 2119 1014 2202 oporteat,
1040 2102 1108 2174 nisi
1134 2128 1253 2202 magne

139 2217 174 2289 id
192 2219 331 2292 suadeat
357 2219 503 2304 utilitas,
524 2235 583 2292 aut
600 2221 773 2292 rrecessitos
793 2222 881 2291 iusto
898 2218 1096 2318 compellat,
1113 2245 1253 2319 quorum

139 2348 290 2406 neutram
320 2333 435 2406 videre
458 2333 649 2432 potuimus,
679 2333 713 2404 in
740 2333 831 2406 filiae
856 2349 933 2406 tuae
956 2349 990 2405 et
1020 2332 1193 2406 carissimi
1221 2333 1253 2407 in

138 2446 271 2521 Christo
289 2447 350 2519 filii
372 2448 476 2521 nostri
496 2447 651 2521 Balduini
671 2448 881 2547 imperatoris
900 2448 1253 2547 constantinopolitani

139 2564 207 2635 nati
233 2562 373 2661 copula,
403 2591 464 2663 pro
489 2591 557 2664 qua
583 2580 718 2637 nostrae
742 2564 1012 2664 dispensationis
1032 2567 1147 2661 pratris
1166 2583 1253 2664 pete·

139 2676 239 2749 batur
259 2692 322 2750 etc.
346 2680 469 2772 (79).»
492 2678 616 2751 Contra
640 2705 720 2751 vero
745 2678 833 2751 idem
851 2679 998 2778 pontifex
1024 2679 1182 2754 Clemens
1200 2681 1252 2753 ll.

142 2790 416 2890 impedimentum
443 2792 605 2865 relaxavit
630 2820 708 2866 cum
735 2794 805 2866 filio
831 2821 920 2891 regrs
942 2794 1076 2868 Siciliae
1100 2822 1144 2870 eo
1168 2796 1253 2896 quod

140 2905 263 2981 viderit
279 2906 386 2980 iustas
411 2907 533 2981 adesse
550 2935 691 2983 causas:
717 2910 839 2996 «Etsi,
862 2910 971 3011 inquit
988 2911 1158 3009 pontifex,
1184 2937 1253 2986 con·

139 3023 266 3097 iunctio
299 3023 438 3124 copulae
472 3025 658 3122 coniugalis
685 3026 719 3097 in
743 3043 861 3123 quarto
891 3027 1197 3123 consanguinitatis
1225 3043 1253 3101 et

140 3140 316 3214 affinitatis
333 3141 442 3238 gradu
459 3140 567 3214 sacris
592 3142 637 3213 sit
658 3141 845 3214 canonibus
871 3142 1068 3227 interdicta,
1097 3143 1253 3242 apostoli·

138 3281 197 3328 cae
222 3273 333 3329 tamen
359 3255 451 3328 sedis
478 3256 687 3354 providentia
719 3257 860 3353 rigorem
889 3258 1152 3330 mansuetudine
1177 3276 1253 3332 tem·

139 3396 279 3467 perans,
301 3397 402 3469 super
420 3370 475 3444 his
493 3370 668 3470 dispensat
686 3372 874 3457 interdum,
896 3389 928 3445 et
947 3373 1038 3472 quod
1056 3392 1158 3470 negat
1176 3374 1253 3448 iuris

138 3485 322 3570 severitas,
345 3487 387 3559 de
404 3489 515 3583 pratia
537 3486 754 3583 benignitatis
774 3486 941 3585 indulget,
964 3494 1164 3587 praesertim
1182 3512 1253 3563 cum

138 3602 310 3671 necessitas
324 3601 447 3696 exigit,
464 3618 497 3674 et
514 3629 614 3674 causo
627 3603 834 3675 rationabilis
852 3604 886 3675 id
905 3604 1056 3702 exposcit
1075 3607 1191 3699 (80).»
1203 3603 1253 3677 Sic

137 3715 326 3787 Alexander
344 3717 395 3786 lV.
418 3743 474 3788 an.
497 3719 603 3788 1258.
627 3745 646 3789 a
665 3717 845 3790 Galliarum
878 3744 956 3814 rege
987 3736 1122 3815 rogatus
1149 3719 1253 3817 legem

137 3831 237 3904 solvit
265 3831 307 3903 de
335 3832 638 3929 consanguinitatis
663 3833 846 3930 gradibus;
875 3851 990 3906 contra
1013 3861 1093 3907 vero
1122 3833 1253 3907 Walde·

137 3974 230 4020 maro
257 3976 430 4023 suecorum
456 3949 525 4045 regi
552 3950 684 4022 veniam
710 3951 791 4023 dare
815 3949 1028 4037 detrectavit,
1057 3967 1094 4023 ut
1119 3951 1253 4024 nuberet

137 4063 282 4163 Sophiae
312 4092 395 4138 suae
421 4092 461 4137 ex
490 4067 591 4138 fratre
620 4066 730 4164 nepti;
760 4081 875 4166 postea
908 4083 1018 4140 tameo
1044 4065 1253 4163 gravioribus

207 4253 256 4310 (79)
273 4249 343 4313 Apud
358 4251 466 4302 stertens
486 4253 609 4303 Arrecdot.
625 4255 683 4304 loni.
698 4256 728 4303 ΙΙ.
743 4267 797 4317 pag.
814 4261 866 4304 ³03.

205 4331 257 4394 (80)
273 4331 336 4381 toto.
354 4343 409 4395 prag.
425 4337 479 4383 5³7.
