2804 5062
137 352 205 434 208
369 374 439 431 ιιι.
461 379 496 431 ιι.
517 374 604 430 ιιιι.
625 378 649 430 ι.
671 378 711 430 nn
729 377 855 430 norror.
876 373 1002 432 meets.

135 500 262 600 phylus
287 498 492 600 Raynaudus
520 499 611 594 (13);
639 496 709 571 Van
727 497 847 598 -llspen
875 500 967 595 (ll);
986 497 1133 573 Antoine
1156 494 1238 596 (lb),

133 616 282 700 Rumon,
318 614 516 687 lemannais
543 638 629 712 quos
660 612 798 686 adducit
821 610 973 686 Carriere
1000 615 1094 709 (lb);
1124 613 1242 714 quibus

134 729 214 804 addi
244 729 343 802 debet
366 722 459 803 card.
481 727 568 801 (letti
593 729 683 823 (tr),
699 742 738 800 ut
755 726 841 802 ulios
862 742 1093 825 praeteream,
1113 727 1159 801 de
1175 726 1243 827 qui

134 844 199 918 bus
222 860 338 946 postea
363 842 487 916 redibit
512 868 634 916 sermo.

208 960 381 1046 Quaenam
401 983 499 1057 porro
517 959 698 1058 praecipua
722 960 790 1031 sint
810 959 1028 1032 fundamenta
1051 958 1182 1058 quibus
1204 959 1244 1031 in·

134 1075 203 1146 nixi
239 1073 394 1147 recensiti
426 1089 577 1147 auctores
608 1073 643 1145 in
670 1073 757 1146 hane
789 1073 985 1148 devenerint
1014 1075 1240 1160 sententiam,

134 1189 257 1262 melius
287 1189 441 1287 dignosci
472 1216 540 1262 non
574 1214 676 1289 posse
703 1188 861 1263 videntur
890 1216 991 1289 quam
1021 1189 1134 1263 exiis
1163 1215 1244 1291 quae

135 1303 236 1377 refert
254 1303 455 1377 Benedictus
480 1304 562 1376 XIV.
592 1304 628 1375 in
657 1331 714 1404 op.
744 1304 792 1377 De
819 1305 937 1404 synod.
962 1304 1099 1379 diowee
1117 1304 1178 1379 lib.
1194 1306 1240 1378 vl.

135 1444 212 1519 cap.
228 1411 286 1490 'vt
305 1418 428 1492 Scribit
445 1420 533 1492 enim
552 1419 769 1493 doctissimus
788 1418 936 1518 pontifex
957 1419 1098 1493 eosdem
1119 1446 1242 1520 permo

134 1551 187 1609 tos
212 1536 319 1610 fuisse
348 1536 495 1635 primum
519 1562 560 1610 ex
590 1552 700 1610 mente
735 1536 845 1636 ipsius
878 1535 1012 1610 concilii
1046 1536 1239 1620 tridentini,

134 1652 225 1752 quod
247 1653 284 1725 in
308 1677 370 1726 suo
395 1652 544 1740 decreto,
564 1668 603 1726 ut
627 1653 726 1726 relert
750 1651 903 1726 eiusdem
927 1651 1062 1726 concilii
1090 1652 1242 1726 historio·

133 1767 284 1867 graphas
303 1767 395 1842 card.
413 1767 637 1842 Pallavicinus
655 1770 745 1864 (18),
761 1767 839 1842 ideo
854 1767 1081 1842 conditionem
1099 1767 1242 1868 publica·

135 1884 237 1959 tionis
264 1883 299 1956 in
325 1877 470 1982 singulis
497 1884 664 1983 paroeciis
689 1883 835 1971 adiecit,
863 1883 945 1985 quia
969 1882 1102 1983 absque
1124 1883 1184 1957 illa
1200 1883 1242 1957 in-

135 2024 219 2097 gens
252 2000 529 2074 heterodoxorum
559 1999 779 2100 querimoniis
808 1998 947 2100 campus
972 2014 1113 2099 apertus
1139 1999 1239 2087 toret,

133 2140 240 2213 eoque
265 2115 374 2214 magis
400 2131 499 2188 aucta
525 2115 645 2189 luisset
669 2141 785 2189 eorum
810 2140 831 2188 a
855 2114 998 2189 coneilio
1032 2117 1193 2204 aversio,
1219 2113 1240 2188 si

132 2228 226 2303 illius
252 2228 376 2303 decreti
400 2230 434 2302 vi
460 2229 605 2304 decursu
632 2228 792 2329 temporis
818 2255 940 2303 uxores
969 2255 1050 2304 suas
1080 2256 1145 2330 pro
1170 2255 1240 2304 con·

134 2343 268 2418 cubinis
294 2345 439 2434 habere,
464 2371 612 2447 suosque
637 2345 762 2421 liberos
787 2345 980 2443 illegitimos
1001 2345 1177 2421 declarem
1192 2345 1240 2420 de

133 2460 308 2549 buissent3
333 2460 503 2562 siquidem
530 2461 744 2537 manifestum
762 2477 814 2536 est
830 2487 1015 2562 numquam
1034 2462 1186 2538 futurum
1203 2461 1241 2534 lu·

135 2575 224 2662 isse,
253 2574 357 2675 idque
382 2594 493 2675 patres
521 2577 675 2675 ignorare
699 2602 766 2650 non
792 2591 965 2676 poterant,
987 2590 1024 2648 ut
1040 2602 1168 2652 novum
1193 2575 1241 2650 de

135 2704 261 2762 cretum
289 2690 332 2762 ab
358 2689 425 2764 illis
448 2693 655 2791 acciperetur
679 2708 780 2792 atque
804 2692 990 2767 executioni
1016 2693 1239 2774 mandaretur,

137 2829 320 2904 eorumque
351 2806 564 2880 matrimonia
594 2835 705 2882 coram
736 2808 883 2908 parocho
908 2807 1076 2882 catholieo
1101 2806 1241 2883 celebra·

136 2934 262 2991 rentur.
289 2919 376 2993 Huic
401 2922 503 3018 igitur
524 2922 735 2997 incommodo
760 2923 899 3024 provide
918 2948 1098 2998 occursum
1120 2942 1174 2999 est
1190 2947 1241 3024 per

134 3035 361 3109 conditionem
392 3036 485 3110 illam
517 3038 649 3113 decreto
683 3040 874 3128 adiectam,
906 3066 974 3140 qua
999 3040 1162 3139 imposita
1187 3038 1241 3113 luit

132 3149 224 3224 illius
243 3150 483 3250 publicationis
502 3154 707 3242 necessitas,
724 3155 772 3227 ita
784 3172 822 3228 ut
835 3155 869 3227 in
882 3155 965 3230 locis
984 3154 1238 3240 haereticorum,

133 3264 168 3337 in
186 3266 311 3366 quibus
329 3266 550 3367 proculdubio
568 3294 752 3368 numquam
772 3268 965 3343 huiusmodi
985 3268 1173 3369 publicatio
1190 3269 1240 3342 fie

131 3396 201 3466 ret,
232 3407 298 3454 nou
322 3383 494 3455 verificata
520 3381 735 3472 conditione,
764 3410 784 3457 a
809 3410 877 3484 qua
902 3383 1080 3458 concilium
1100 3385 1239 3484 pendere

130 3494 237 3568 voluit
254 3496 379 3570 decreti
401 3500 452 3571 sui
471 3497 676 3586 efficaciam,
693 3525 754 3572 nec
768 3499 897 3574 incolae
915 3500 1077 3573 haeretici
1096 3524 1237 3601 unquam

132 3607 284 3684 adstricti
320 3610 428 3685 [orent
461 3611 645 3686 servandac
671 3614 798 3688 formae
824 3615 858 3687 in
885 3616 960 3714 ipso
987 3614 1122 3690 decreto
1151 3640 1238 3716 prae·

201 3942 252 4005 (tt)
268 3943 399 3995 Heterocl.
410 3947 571 4009 spottsect.
583 3947 603 3996 1.
614 3947 709 3997 Ponet.
726 3949 761 3997 tt.
772 3959 797 3997 ιι.
815 3950 877 4012 opp.
886 3946 925 3997 ed-
938 3946 1016 4011 tuga.
1028 3954 1096 4000 root.
1109 3950 1168 4000 tom
1178 3943 1233 3998 xvl·

200 4022 250 4083 (tt)
269 4026 325 4073 [ιιι.
336 4023 426 4075 eccles.
441 4028 517 4076 cento.
528 4039 581 4089 par.
594 4029 625 4076 11.
638 4027 677 4077 tit.
688 4028 743 4077 ΧΠ.
754 4040 777 4077 c.
789 4033 812 4078 5.
824 4040 849 4077 ιι.
860 4033 948 4092 etseq.

200 4100 251 4162 (15)
269 4104 306 4151 De
318 4105 397 4153 metr.
409 4117 462 4167 par.
475 4107 520 4153 111.
533 4118 601 4155 num.
613 4107 679 4155 Xlll.
693 4107 744 4155 not.
757 4110 780 4154 7.

201 4176 251 4240 (16)
269 4183 305 4230 Dc
318 4184 401 4232 matr.
414 4196 467 4245 par.
479 4185 523 4232 111.
534 4197 559 4234 ιι.
573 4189 641 4235 ιιιι.

202 4261 252 4320 (tn
267 4262 350 4311 Traet.
365 4265 402 4313 De
412 4265 545 4326 metron.
555 4266 621 4315 vttt.
634 4264 693 4316 dub.
704 4266 747 4316 xl.
759 4265 783 4328 §.
796 4273 817 4318 ³.
828 4279 853 4316 n.
865 4273 902 4317 ιι.

201 4336 253 4400 (ts)
270 4337 322 4389 nib.
335 4342 475 4404 xxneap.
487 4349 545 4393 an.
559 4349 595 4394 to.

298 4747 392 4889 Ὗ
