2804 5062
191 387 262 439 cur.
275 387 311 438 n.
324 386 364 437 nr
376 385 481 437 eorus.
495 385 596 437 ramo.
611 385 749 437 rincra.
763 382 1129 437 arremarensem.
1175 365 1242 434 iti

147 503 301 576 ceterum
318 528 384 577 non
403 503 481 576 inde
505 503 657 602 sequitur
680 530 793 604 parem
807 531 894 578 esse
919 503 1079 577 rationem
1107 502 1248 602 reliquo

149 642 221 689 rum
253 631 506 704 contractuum,
532 617 593 718 qui
618 618 694 690 iniri
721 616 829 691 solent
852 619 887 689 in
912 618 1068 691 societate
1099 616 1189 690 civili
1215 621 1249 689 et
1305 705 1307 710 Ι

147 747 337 806 contractus
360 731 588 819 connubialis,
612 733 671 833 qui
697 732 797 806 habet
820 748 988 833 praeterea
1015 732 1175 805 rationem
1194 757 1249 803 sa-

147 846 329 934 cramenti,
351 846 453 921 immo
469 863 502 923 et
517 873 592 921 cum
615 872 683 947 quo
708 874 776 920 una
800 847 983 946 eademque
1000 873 1053 920 ree
1070 861 1137 934 est,
1158 846 1249 945 quod
1282 856 1283 860 ’

149 961 297 1060 pmlecto
322 962 356 1035 in
380 962 498 1037 ceteris
522 962 745 1037 contractibus
769 963 879 1037 locum
903 989 970 1036 non
993 962 1110 1048 habet,
1130 976 1168 1035 ut
1183 960 1251 1034 alia

147 1076 345 1151 discrimina
367 1077 502 1160 silentio
526 1103 674 1177 premam
692 1079 803 1172 (162).
902 1099 903 1103 ’
1293 1071 1294 1074 '

219 1191 312 1265 Alter
332 1192 579 1292 paralogismus
597 1193 632 1265 in
649 1219 689 1266 eo
707 1193 878 1278 consistit,
899 1193 989 1292 quod
1012 1193 1179 1292 professor
1190 1193 1252 1266 'no-

147 1321 218 1380 ster
237 1306 491 1406 permiscentes
507 1334 594 1407 quac
618 1334 661 1379 ec
683 1306 857 1392 occidenti,
876 1309 1039 1394 ateium,
1060 1309 1252 1405 contingere

146 1436 287 1520 possent
309 1421 344 1493 in
370 1447 583 1523 quocumque
607 1421 753 1496 humano
767 1448 770 1488 5
785 1420 935 1508 iudicio,
963 1449 1039 1495 cum
1066 1421 1133 1510 iis,
1162 1447 1251 1521 quae

147 1535 339 1611 necessario
363 1537 515 1612 oriuntur
540 1564 589 1610 ex‘
605 1536 779 1611 collisione
805 1535 939 1609 iuriam.
960 1537 1002 1608 Si
1028 1538 1117 1610 enim
1141 1537 1252 1630 civilis

145 1651 252 1725 codex
280 1650 475 1725 adversetur
498 1651 562 1724 iuri
588 1652 769 1738 canonico,
798 1667 835 1723 ut
859 1675 960 1748 saepe
985 1651 1166 1746 contingit,
1196 1649 1252 1724 hi's

145 1767 342 1866 praesertim
368 1767 596 1867 temporibus,
627 1765 791 1841 eiusmodi
817 1763 1186 1839 collisiones-oriuntur
1211 1791 1252 1837 ex

143 1881 222 1980 ipsa
237 1881 354 1954 intima
371 1882 419 1956 rei
436 1885 566 1956 natura.
578 1882 680 1979 Finge
696 1880 869 1980 probatam
884 1880 917 1951 in
935 1879 1113 1979 subalpino
1131 1881 1250 1954 senatu

144 1995 251 2070 truso
275 1994 382 2093 legem
407 1996 451 2070 de
475 1995 684 2070 matrimonio
702 2020 784 2094 pure
801 1993 913 2081 oivili;
934 1995 1128 2069 innumerae
1146 2021 1252 2097 prope

146 2108 237 2184 illico
262 2110 454 2185 collisiones
473 2109 608 2186 obortae
625 2110 770 2183 luissent
784 2110 818 2183 ai
838 2109 947 2208 ipsius
964 2110 1049 2208 legis
1066 2111 1252 2185 contrariae

145 2224 212 2298 iuri
238 2251 298 2300 seu
320 2225 386 2324 lagi
412 2225 675 2313 ecclesiasticae,
704 2226 812 2299 etsie
836 2224 880 2298 de
904 2225 1057 2325 pluribus
1082 2225 1158 2299 aliis
1184 2226 1252 2299 dici

142 2338 259 2427 debet,
286 2351 374 2440 quae
398 2339 535 2438 longum
559 2366 600 2414 nc
621 2340 784 2414 'odiosum'
802 2342 902 2414 otiam
927 2358 1017 2415 esset
1039 2367 1249 2415 enumerare.

146 2455 210 2527 Per
226 2453 384 2527 accidens
398 2481 477 2529 vero
494 2471 563 2540 est,
583 2453 672 2555 quod
698 2461 789 2529 error
814 2455 903 2529 circa
927 2456 1048 2530 laetum
1068 2457 1248 2553 contingat.

218 2568 347 2643 Tertius
365 2568 609 2669 paralogismus
624 2569 916 2670 professoris,'seu
929 2569 1153 2669 profligatoris
1166 2570 1255 2642 iuris

144 2683 300 2757 canonici
323 2684 359 2755 in
385 2709 425 2759 eo
450 2684 622 2770 consistit,
654 2684 744 2784 quod
769 2709 835 2758 non
852 2684 960 2760 ¹modo
986 2711 1052 2758 non
1078 2685 1255 2785 probavit‚'

145 2797 209 2872 sed
232 2813 404 2872 ostensum
432 2817 485 2873 est
512 2824 588 2873 esse
617 2797 766 2886 salsum,
798 2800 889 2899 quod
914 2800 989 2899 ipse
1014 2801 1196 2888 assumit,¹
1211 2801 1256 2876 orl

147 2911 257 2986 lorum
275 2923 394 3011 nempe
411 2911 508 2985 ciuile
525 2927 677 3011 spectare
694 2911 855 2985 iudicium
881 2939 1057 2987 causarum
1082 2916 1256 2989 matrimes

147 3022 303 3099 nialium.
330 3026 398 3099 Noe
431 3023 547 3099 eadem
580 3027 709 3100 ratione
738 3027 925 3126 potiorique
955 3029 1028 3101 iure
1056 3028 1255 3102 concludere

148 3166 348 3241 possemus:
376 3140 649 3241 quandoquidem
667 3167 878 3240 quacumque
895 3168 934 3214 er
952 3158 1047 3240 parte
1063 3142 1253 3215 necessario

147 3255 255 3331 oritur
278 3255 496 3343 conflictaii03
516 3281 596 3353 ergo
620 3255 719 3331 debet
743 3256 904 3332 iudicium
931 3255 1074 3356 relinqui
1092 3256 1135 3329 ad
1153 3282 1253 3356 quern

148 3386 301 3470 spectat,
324 3396 444 3472 nempe
465 3370 510 3445 ad
535 3370 664 3446 iudices
688 3371 944 3459 ecclesiasticos,
964 3379 1003 3444 ut
1018 3371 1255 3468 definivitlri—

148 3485 327 3560 (lentinum
1133 3495 1136 3502 ¹

223 3690 289 3753 (toa)
304 3689 339 3741 ut
350 3691 433 3754 pateat
443 3703 472 3741 ex
484 3704 534 3754 quo
550 3689 617 3742 fonte
632 3691 741 3741 hauserit
751 3691 829 3755 Nupta
840 3690 903 3740 hanc
917 3689 1054 3741 docuinam
1065 3703 1147 3750 susm,
1156 3702 1205 3739 non
1215 3701 1257 3757 rue

150 3768 283 3835 mucio
296 3768 433 3821 imitere
448 3770 650 3833 certamnen,
662 3771 704 3834 qui
719 3771 744 3820 in
757 3771 799 3820 cit.
812 3783 852 3833 op.
864 3772 902 3820 De
911 3772 984 3834 recta
994 3771 1041 3820 etc.
1050 3783 1075 3833 p.
1083 3770 1103 3818 1.
1114 3770 1160 3818 art.
1168 3771 1188 3818 i.
1198 3771 1220 3819 e‘.
1228 3774 1257 3820 9.·

149 3851 211 3901 haec
222 3848 313 3901 habet:
327 3848 439 3899 niiadem
453 3851 492 3901 est
506 3849 568 3900 roilo
584 3851 722 3901 contactus
737 3849 939 3909 matrimonialis,
958 3861 1020 3911 quiae
1035 3846 1197 3911 venditionis,
1213 3849 1258 3898 aut

148 3927 443 3995 conternantem
456 3929 598 3980 ibidartu.
607 3943 660 3995 rap.
673 3937 710 3981 12.
719 3943 749 3979 er
761 3930 804 3979 iiio
816 3929 935 3992 principio
945 3929 1017 3979 interi
1028 3928 1089 3995 iilud
1100 3929 1179 3992 ipsum
1190 3927 1257 3993 quod

148 4008 239 4061 &indo
253 4007 339 4059 intulit
353 4007 407 4059 ciue
423 4008 571 4074 exscriptor,
584 4009 650 4072 cuod
667 4021 723 4058 eum
739 4008 824 4058 cleriei
837 4008 929 4058 nuliam
941 4007 1084 4071 potestatem
1095 4007 1199 4057 lrabeani
1209 4027 1221 4051 ιι
1231 4006 1258 4057 iu

150 4089 182 4139 iis
195 4099 261 4152 qaae
275 4098 319 4150 par
334 4099 361 4137 ec
375 4098 433 4138 curn
447 4087 603 4138 molucam
617 4087 732 4148 naturae,
748 4090 802 4137 tum
817 4084 849 4136 ad
865 4086 973 4136 officum
989 4086 1171 4136 communitatis
1185 4085 1260 4150 pierii·v

148 4169 221 4230 nerrt,
233 4168 272 4217 etc
283 4167 327 4216 ius
344 4178 397 4216 oon
415 4163 513 4217 hebent
534 4164 651 4217 reddmifi
665 4178 781 4228 personas
797 4164 916 4216 inhabiles
936 4164 968 4215 ad
987 4167 1119 4229 utrumque
1134 4155 1274 4227 cilicium,¹

148 4244 217 4310 quod
235 4243 331 4295 ordinis
346 4258 412 4297 mere
427 4245 544 4298 naturalis
554 4245 604 4308 est,
615 4258 660 4296 nec
670 4244 791 4309 deseipso
803 4244 835 4295 ad
845 4245 1052 4309 supernaturalem
1065 4245 1138 4297 finem
1154 4237 1257 4297 tendit.»

146 4325 275 4378 launoius
285 4327 368 4377 antem
380 4324 407 4377 io
416 4327 542 4390 conspuat
554 4325 586 4377 nb
597 4327 708 4391 apostata
717 4327 753 4378 De
762 4323 883 4378 commis
