2804 5062
247 382 316 456 itt
438 404 501 456 nn.
524 404 560 456 n.
582 404 668 456 sacr.
688 403 818 455 ananan.
840 401 881 454 or
898 401 1023 455 eornm.
1044 400 1156 456 crunt.

242 550 315 626 qno
335 549 410 624 cap.
436 539 586 626 raptores
616 522 784 621 uirginum
809 537 843 596 et
865 520 1044 596 uiduarum
1067 519 1341 595 excommunicari

244 639 412 715 iubentur.
431 641 465 712 3.
482 636 615 712 Falsum
635 653 688 712 est
708 635 908 710 Balduinum
927 661 1065 735 rogasse
1082 635 1298 736 pontificem,
1317 652 1345 710 nt

240 752 314 829 initi
341 755 546 830 matrimonii
571 755 704 828 reniam
735 753 853 841 daret,
883 768 984 853 atque
1015 751 1214 854 pontificem
1244 778 1345 852 regen

240 897 397 969 rogasse,
419 886 457 945 ut
474 871 604 945 irritum
622 869 776 945 tetduini
791 894 831 943 ae
844 867 957 941 ludith
975 867 1231 943 matrimonium
1250 885 1346 942 ratum

240 986 434 1086 iustumque
458 984 637 1060 decernam
660 983 788 1074 vellet3
820 983 881 1058 sed
906 982 1144 1058 sanctissimus
1178 983 1344 1083 pontifex,

239 1099 401 1174 admissis
426 1099 582 1200 precibus
608 1098 794 1187 Balduini‚
830 1124 890 1199 per
918 1096 1046 1172 litteras
1073 1113 1146 1171 tum
1173 1098 1219 1172 ad
1245 1125 1346 1198 regen

238 1211 395 1288 Catulum
416 1213 574 1301 Caluum,
596 1230 666 1288 tum
689 1213 732 1288 ad
755 1213 828 1287 eius
847 1237 985 1288 uxorem
1004 1211 1289 1288 Hermentrudem
1306 1239 1348 1288 re·

238 1328 352 1427 ginam
377 1329 495 1418 datas,
522 1356 591 1404 una
615 1355 692 1404 cum
718 1328 860 1404 duorum
883 1327 1076 1428 praesulum
1094 1327 1284 1427 legatione,
1303 1354 1347 1404 ro

224 1435 330 1542 'gavit
341 1460 379 1520 ut
391 1445 545 1519 iniuriam
567 1443 633 1518 sibi
654 1442 780 1517 illatam
798 1468 859 1544 per
874 1441 1029 1517 Balduini
1047 1442 1185 1539 facinus
1203 1443 1348 1542 ignosce

240 1575 323 1632 rent.
353 1559 459 1633 Immo
489 1558 693 1647 noandum,
725 1559 815 1659 quod
841 1557 990 1658 pontifex
1019 1557 1062 1631 de
1086 1557 1181 1632 civili
1213 1558 1289 1659 legs
1314 1584 1348 1633 ne

238 1675 440 1751 mentionem
466 1675 602 1776 quidem
628 1675 799 1762 iniecerit,
825 1673 887 1749 sed
909 1682 1038 1749 tantu‘m
1062 1674 1251 1751 affirmauit
1266 1677 1346 1778 quod

237 1790 421 1866 Balduinus
446 1793 672 1865 charissimam
687 1791 794 1893 filiam
809 1805 922 1864 centra
939 1789 1130 1864 diuinarum
1154 1792 1266 1892 Qum
1280 1819 1347 1867 san·

239 1911 356 1982 ctiouee
380 1909 493 2008 rapuit
510 1909 625 2004 (1⁰7);
647 1906 706 2008 qui
725 1922 896 2007 praeterea
912 1906 955 1981 ad
974 1906 1197 1982 Hinomarum
1222 1909 1348 2011 scripsit

241 2023 305 2097 sub
321 2023 590 2099 interminatione
606 2023 961 2098 excommunicationis
975 2023 1220 2125 praecipiendo
1231 2027 1346 2101 suun

237 2139 485 2237 protelationem
512 2141 548 2212 ia
573 2154 682 2212 corum
701 2138 882 2237 (Balduini
910 2154 943 2214 et
962 2138 1104 2236 luditis)
1132 2144 1346 2217 coniunctione

237 2253 378 2354 fiendam
394 2257 507 2352 (1⁰8).

313 2371 429 2470 ltaque
454 2369 488 2442 in
514 2386 582 2444 toto
608 2369 673 2444 hoc
697 2369 830 2468 negotio
855 2371 1088 2446 tantummodo
1113 2389 1230 2448 actum
1248 2389 1298 2450 est
1312 2373 1348 2446 de

236 2483 480 2558 condonatione
506 2484 715 2585 impetranda
733 2512 753 2558 a
771 2511 848 2583 rege
869 2484 988 2560 Carolo
1012 2485 1128 2561 illatae
1154 2488 1223 2561 sibi
1243 2488 1345 2563 adal·

236 2598 342 2672 duino
364 2615 397 2672 et
415 2598 527 2672 ludith
546 2599 707 2686 iniuriae,
725 2626 765 2672 ec
783 2600 924 2700 proinde
942 2600 984 2674 de
1003 2601 1151 2677 ineundo
1169 2631 1248 2677 cum
1267 2604 1346 2678 eius

237 2712 314 2786 dem
340 2714 428 2810 regis
451 2714 550 2787 venia
571 2714 748 2813 coniugio,
778 2731 877 2814 prout
902 2715 1014 2816 reipsa
1035 2716 1160 2791 factum
1189 2737 1260 2808 est,
1280 2745 1346 2818 rege

195 2904 201 2912 x
237 2852 278 2900 ac
307 2827 424 2925 regina
456 2827 610 2927 placetis.
644 2828 760 2903 Cetera
786 2830 899 2903 omnia
929 2846 1160 2932 superstructa
1188 2833 1236 2906 nil
1263 2832 1344 2908 aliud

238 2959 318 3016 sunt
343 2968 444 3043 quam
470 2943 602 3017 somnia
625 2945 765 3019 hunoii
791 2961 824 3020 et
848 2945 968 3019 Nestii.
987 2947 1022 3018 Si
1045 2948 1136 3047 quod
1164 2949 1230 3024 tuit
1255 2950 1346 3050 impe

236 3056 423 3131 dimentum
449 3058 484 3130 in
510 3058 677 3134 eiusmodi
704 3060 860 3158 coniugio
885 3061 976 3162 quod
995 3089 1015 3136 a
1033 3089 1111 3161 rege
1133 3063 1279 3140 relaxari
1296 3067 1345 3139 de·

237 3173 351 3263 beret,
371 3172 436 3248 hoc
461 3175 525 3250 suit
548 3201 640 3248 mere
664 3173 764 3250 civile
788 3177 880 3250 iuxta
905 3177 996 3276 leges
1018 3177 1182 3275 gallicas,
1204 3208 1292 3281 quae
1308 3181 1345 3252 ir·

239 3290 338 3362 ritum
357 3291 392 3361 in
412 3291 616 3364 conscientia
639 3318 706 3365 non
732 3292 875 3365 reddunt
899 3293 1104 3367 connubium
1121 3297 1239 3393 (109).
1256 3294 1343 3384 Quod

237 3406 268 3479 si
295 3405 470 3480 intervenit
494 3407 769 3507 impedimentum
795 3410 990 3484 canonicum
1018 3428 1156 3511 raptus,
1182 3412 1227 3487 ab
1244 3439 1284 3489 eo
1300 3440 1342 3488 re

236 3519 359 3594 laxavit
386 3521 527 3621 ipsemet
551 3523 697 3624 pontifex
722 3524 808 3598 sacto
834 3525 908 3626 ipso
934 3526 1143 3602 intercedens
1174 3529 1267 3631 apud
1294 3555 1342 3629 ge·

236 3651 372 3711 nitores.

308 3862 375 3924 (tot)
391 3863 429 3911 lte
444 3862 559 3913 Nicotaus
572 3866 592 3914 l.
603 3864 628 3914 in
641 3865 710 3928 epist.
720 3866 750 3915 ad
764 3866 870 3929 reginam
883 3867 1085 3920 Hermentrudem
1097 3869 1166 3934 apud
1177 3872 1307 3923 Beronium
1316 3869 1341 3921 ad

239 3952 281 3988 an.
294 3946 347 3991 862.
362 3953 387 3990 n.
400 3946 438 3991 et.

305 4020 371 4082 (tot)
387 4024 414 4072 lo
426 4025 497 4085 eptst.
511 4023 542 4073 ad
553 4024 712 4075 Hincrnarum
723 4027 788 4090 apud
799 4027 964 4079 Flodoardom
976 4032 1046 4080 aut.
1056 4029 1141 4081 rhem.
1151 4032 1243 4084 caetea
1252 4033 1294 4084 lib.
1304 4033 1339 4083 ΙΙΙ.

238 4113 290 4163 cap.
306 4100 481 4152 12.ed.1)ueci
498 4108 563 4153 tot7.
577 4118 630 4168 pag.
642 4112 695 4157 oto.

315 4182 380 4243 (109)
396 4182 434 4232 ct.
450 4184 579 4234 &renium
598 4187 645 4235 loc.
657 4187 700 4236 cit.
713 4200 757 4237 nec
768 4201 816 4237 non
829 4190 964 4246 ltu-Mesnit
976 4191 1064 4241 Doctr.
1075 4193 1102 4242 et
1115 4192 1259 4258 dtsctpltaa
1270 4191 1338 4245 cotta

235 4264 299 4311 ctae.
310 4260 427 4313 colonim
440 4267 506 4314 17³9.
518 4266 578 4314 tom
591 4266 634 4315 nt.
646 4265 688 4316 tto.
696 4273 733 4317 ao.
745 4266 768 4331 §.
777 4269 898 4319 temetsi,
906 4269 1034 4322 nunmdr.
1044 4272 1115 4321 met.
1125 4272 1217 4324 eccles.
1229 4286 1290 4324 saec.
1302 4274 1336 4322 ΙΙ.

236 4344 261 4390 et
273 4343 305 4391 x.
318 4343 364 4390 art.
377 4344 420 4391 tx.
434 4345 472 4392 Dc
487 4343 596 4394 It'tcclao
613 4348 637 4395 1.
