2804 5062
228 108 1163 170 mr.rr.nnccs.rorrsr.cosr.ranunculorum.r.
1217 101 1261 171 39

10 256 62 308 net
160 231 217 359 pio
221 229 411 303 taurinensi
402 227 588 303 athenaeo
603 228 804 329 adoptarunt
818 255 858 304 ac
871 253 1123 332 propugnarunt
1136 262 1264 336 passrnu

10 377 72 435 Νι

162 346 240 419 iuris
256 342 413 420 canonici
403 343 655 442 ',prolassores
675 345 855 444 praecipua
874 372 952 420 vero
971 349 1040 422 Bon
1064 353 1153 446 (ta),
1174 367 1208 427 et
1224 379 1264 427 ex

10 460 66 543 ,Μ
160 462 255 534 eolo
271 461 532 559 Nepomucenus
545 461 653 560 Nuytz
667 462 756 555 (stt),
772 461 831 560 qui
844 488 963 559 agmen
977 463 1114 539 claudit.
1131 467 1267 567 Easque

10 574 61 660 fil

159 576 327 649 doctrinas
347 600 390 648 eo
413 574 449 646 in
472 599 573 702 regno
598 573 782 649 invaluisse
805 601 909 675 penes
934 577 1069 653 iuristas
1096 579 1211 679 plures
1234 596 1267 656 et

27 767 33 777 ,
156 690 351 763 canonistas
368 703 460 787 patet
475 713 515 761 ex
533 687 598 775 iis,
618 714 706 818 quae
730 688 765 760 in
792 690 899 788 primo
916 690 1001 765 libro
1026 718 1066 765 ex
1090 695 1267 771 sententiis

10 852 33 896 p-
44 876 47 885 .

156 806 195 879 de
219 803 439 879 matrimonio
462 802 552 878 civili
579 819 649 876 tum
670 804 705 876 io
731 822 893 879 conventu
910 806 1048 881 elective
1065 808 1263 909 subalpina,

10 942 46 1009 ng
158 937 227 992 tum
245 919 281 991 in
299 917 394 1016 ragio
412 931 531 991 senatu
549 917 687 1017 prolatis
701 918 894 994 attulimus.

227 1034 278 1106 Ex
297 1031 480 1133 synoptico
491 1031 556 1105 hac
572 1031 734 1106 historica
751 1033 959 1132 expositione
975 1061 1117 1134 pronum
1134 1052 1186 1112 est
1201 1038 1267 1114 col·

156 1148 259 1245 ligera
282 1147 430 1245 genesin
446 1161 480 1220 et
497 1172 712 1246 progressum
738 1152 843 1222 norae
870 1149 971 1224 huius
989 1151 1160 1225 doctrinae
1177 1152 1267 1226 circa

10 1238 43 1349 ²,
157 1262 411 1362 impedimenta.
438 1262 489 1334 Ex
505 1288 545 1336 ea
562 1262 651 1336 enim
678 1280 832 1351 constat,
861 1264 948 1339 hanc
973 1291 1036 1340 nos
1059 1267 1093 1338 in
1118 1267 1267 1367 acceptis

10 1452 19 1463 ,
40 1370 43 1415 ³
159 1378 279 1451 referre
304 1375 428 1450 debere
444 1375 617 1474 inprimis
643 1377 785 1451 luthero
803 1394 836 1452 et
852 1377 990 1454 Calvino
1011 1406 1195 1479 eorumque
1213 1405 1267 1455 se·

10 1552 18 1561 .
44 1568 48 1579 ,
157 1493 270 1566 curiis
283 1489 570 1591 protestantibus,
590 1490 713 1566 deinde
728 1517 806 1566 vero
824 1510 997 1592 apostatae
1014 1494 1138 1592 insigni
1157 1495 1269 1569 llarco

45 1614 49 1631 ²
159 1605 301 1679 Antonio
324 1603 369 1678 de
384 1603 559 1691 Dominis,
583 1622 700 1703 postea
724 1607 798 1679 eius
822 1606 1026 1706 pedissequo
1050 1608 1166 1679 loanni
1188 1604 1270 1680 tau·

51 1796 55 1805 ,
160 1719 254 1807 noio,
279 1720 418 1794 demum
442 1718 559 1795 turbae
582 1719 797 1807 iuristarum,
826 1720 1089 1808 canonistarum,
1110 1746 1151 1794 ac
1175 1719 1269 1797 theo-

162 1833 309 1931 logorum
327 1834 595 1911 iansenistarum
623 1852 682 1910 aut
710 1835 960 1933 regalistarum,
989 1836 1075 1909 inter
1099 1861 1186 1936 quos
1216 1861 1270 1910 re-

159 1949 352 2024 censuimus
379 1950 619 2049 pistorienses,
645 1951 704 2052 qui
729 1976 846 2024 omnes
865 1949 949 2021 nihil
978 1948 1069 2023 aliud
1089 1950 1270 2024 effecerunt

160 2089 259 2164 quam
271 2065 411 2140 diversa
425 2065 554 2141 ratione
575 2093 762 2166 exponere,
780 2065 964 2152 illustrare,
984 2081 1085 2164 atque
1102 2063 1275 2164 explicare·

161 2181 309 2277 priorum
326 2195 542 2277 ιιτςιιιιιοιιιιιε
567 2179 701 2254 demum
719 2206 740 2253 a
757 2179 992 2265 rationalistis,
1013 2194 1047 2252 et
1063 2177 1173 2252 atheis
1191 2202 1269 2278 pra·

161 2296 255 2371 ctieis
279 2311 385 2396 atque
408 2294 685 2395 pseudopolitiois
709 2294 752 2368 ad
771 2295 1006 2395 perfectionem
1030 2320 1084 2369 res
1109 2293 1270 2395 perducta

162 2428 232 2498 cst,
265 2426 423 2510 separato
447 2410 583 2485 omniuo
614 2426 822 2484 sacramento
846 2435 866 2482 a
890 2426 1061 2485 contractu
1087 2409 1202 2498 civili,
1228 2434 1270 2487 ac

162 2526 250 2599 omni
275 2524 413 2600 sublata
436 2548 458 2599 a
480 2525 639 2623 coniugio
665 2525 766 2599 etiam
788 2524 999 2614 christiano,
1023 2526 1201 2601 sanctitate
1229 2549 1272 2599 ac

164 2641 333 2716 firmitate.

231 2757 277 2830 At
294 2756 490 2832 misericors
503 2756 595 2830 Deus
615 2757 736 2853 iugiter
753 2772 887 2854 praesto
905 2756 969 2830 luit
986 2754 1155 2829 aeclesias·
1165 2778 1271 2842 strae,

166 2871 379 2945 annositatis
402 2870 554 2970 undique
578 2897 639 2970 pro
664 2870 911 2971 opportunitate
928 2868 1073 2944 strenuis
1094 2866 1194 2954 viris,
1210 2865 1274 2967 qui.

165 3012 238 3061 sese
255 2999 488 3085 opposuerunt
504 2984 704 3085 perniciosis
722 2984 777 3059 his
792 2983 949 3058 omnibus
968 2980 1137 3069 erroribus
1150 2993 1184 3053 et
1198 3003 1271 3054 ma-

165 3099 416 3174 chinationibus
433 3099 562 3174 sortiter
578 3116 847 3198 constanterque.
870 3095 966 3183 Quod
985 3095 1075 3169 enim
1091 3109 1210 3170 attinet
1225 3093 1270 3169 ad

164 3215 368 3290 austriacam
388 3213 526 3313 losephi
543 3215 576 3285 ll
609 3213 853 3313 legislationem
872 3211 984 3284 aidem-
999 3209 1123 3284 restitit
1140 3209 1271 3310 episcc-

167 3346 264 3428 patus
287 3344 324 3402 et
354 3326 465 3401 clerus
491 3353 594 3427 prope
622 3328 805 3402 universus
827 3326 898 3400 sive
924 3325 958 3397 in
982 3325 1116 3400 austria
1140 3324 1212 3399 sive
1235 3323 1271 3396 in

167 3444 280 3543 Belgio
306 3443 379 3517 sive
404 3442 439 3515 in
465 3442 572 3517 ltalia.
601 3445 702 3517 lucta
720 3441 886 3543 siquidem
909 3441 995 3514 inter
1012 3456 1187 3539 utramque
1211 3461 1271 3537 po-

167 3574 320 3634 testatem
332 3584 373 3633 ex
390 3556 450 3633 illa
472 3573 580 3634 aetate
596 3559 839 3659 perseveravit,
859 3558 941 3631 dum
953 3583 994 3631 ex
1008 3581 1077 3630 una
1090 3569 1184 3655 parte
1200 3576 1271 3627 ma·

231 3817 285 3880 (ts)
300 3819 330 3870 ln
345 3817 456 3870 mus
470 3817 544 3870 aditis
558 3817 591 3869 ab
603 3831 649 3870 sn.
663 3822 731 3871 rtet.
740 3818 771 3869 td
787 3831 827 3869 ιιι.
848 3821 915 3870 17⁹7.
926 3817 959 3868 ct.
971 3815 1098 3880 eropum
1110 3816 1217 3868 sacrun
1228 3810 1274 3865 cot

167 3899 336 3949 mmm
347 3899 411 3963 μη.
429 3899 451 3948 ι.
462 3897 553 3950 nonno
573 3903 641 3949 raca.

232 3977 286 4041 (ts)
301 3980 337 4031 ts
349 3980 393 4032 tau
403 3977 610 4032 mkduttcum
620 3980 775 4031 sommam
788 3978 967 4030 troctottoncr.
977 3975 1078 4028 Tsuriui
1092 3977 1161 4027 asts.
1172 3974 1273 4027 muts

167 4060 299 4109 tristante.
