2804 5062
159 226 227 301 ert
353 248 415 301 aa.
438 248 473 300 a.
494 221 581 300 src'r.
602 246 722 300 stram
756 245 796 298 ar
813 246 939 300 rorum.
959 244 1070 301 arur.

154 368 300 470 cipimus
316 384 354 444 ut
370 371 467 443 iusta
484 368 613 442 aceruo
629 394 807 452 canonum,
822 366 990 441 adulteria
1006 382 1039 443 et
1051 367 1185 445 incestu
1196 394 1261 445 ms·

153 483 332 571 aimonis,
362 510 450 584 quae
475 510 541 558 non
559 500 639 557 sunt
654 482 825 582 legitime,
846 481 1092 584 prohibeantur
1107 501 1143 560 et
1158 508 1264 561 emen·

155 599 276 674 dentur
300 603 521 699 episcoporum
538 600 659 673 iudicio
676 600 790 694 (42).»
805 599 894 696 llrgo
911 598 1006 673 iuxta
1022 624 1174 676 canona
1198 601 1264 703 epi·

154 715 248 816 scopi
273 715 436 790 iudicium
461 716 547 789 ferre
571 714 749 790 debebant.

224 829 376 930 Cumque
400 829 539 905 Carolus
564 831 706 928 Magnus
732 828 768 903 in
785 854 847 905 suo
864 829 974 929 primo
990 829 1173 932 capitulari
1195 857 1264 905 mu-

98 1030 103 1037 ·
152 970 218 1020 nus
242 972 342 1019 suum
368 945 624 1046 patrocinatoris
649 944 814 1020 ecclesiae
836 944 1027 1045 aperuisset
1052 944 1112 1020 bis
1132 945 1260 1021 uerbis:

155 1060 321 1136 «Karalus
339 1062 446 1160 gretia
462 1061 524 1135 Dei
542 1089 620 1149 rex,
642 1062 805 1163 regnique
820 1061 1011 1136 iraucomm
1024 1078 1151 1154 mator,
1165 1079 1199 1137 et
1209 1062 1262 1137 de·

151 1192 249 1251 votus
267 1194 405 1251 sanctae
421 1176 583 1253 eeclesiae
599 1178 773 1267 defensor,
794 1194 895 1280 utque
908 1179 944 1251 in
956 1178 1118 1254 omnibus
1138 1179 1262 1254 adiutor

152 1292 358 1393 apostolieae
376 1294 506 1382 sedis»
524 1294 652 1394 passim
671 1294 807 1395 repetit:
823 1294 1028 1368 «Statuimus
1046 1308 1108 1368 aut
1124 1293 1260 1368 dem

150 1433 244 1493 mro,
281 1422 318 1481 ut
345 1407 521 1482 seeundum
551 1435 687 1482 canones
707 1408 941 1509 (illumque
969 1433 1137 1509 expresse
1167 1408 1259 1483 relato

152 1523 286 1598 decreto
312 1523 460 1622 Gregorii
478 1524 522 1595 ll.
539 1524 582 1597 ad
609 1551 637 1598 s.
654 1523 880 1611 Boniiaoium,
909 1521 1046 1598 subdit:
1076 1525 1178 1599 rlstu
1193 1548 1259 1599 nera

152 1639 281 1728 omnia,
302 1665 389 1740 quae
401 1641 487 1712 uires
504 1654 632 1712 nostras
644 1638 821 1724 accedunt,
838 1639 874 1711 in
887 1638 1013 1714 iudicio
1025 1640 1255 1741 episcoporum

152 1756 252 1828 iusta
277 1756 467 1828 canonicam
491 1757 689 1828 sanctionem
709 1752 903 1828 delinienda
923 1752 1153 1854 relinquimus
1168 1756 1255 1853 (tt).

151 1869 277 1971 quibus
301 1870 414 1945 verbis
444 1870 622 1970 piissimus
647 1894 688 1944 ac
710 1896 790 1944 vere
818 1895 962 1968 mugnus
992 1869 1181 1972 imperator
1206 1896 1256 1971 up-

152 1985 259 2085 prime
280 1984 405 2059 limites
429 1985 548 2059 delinit
572 1986 659 2058 inter
681 2000 859 2087 utramque
883 1998 1087 2087 potestatem
1112 1985 1256 2063 meeis

150 2100 269 2174 sticum
295 2115 396 2200 atque
420 2098 603 2200 politicam.

151 2224 153 2231 ’
222 2213 295 2288 lloc
318 2215 431 2314 ipsum
454 2239 494 2286 ex
515 2212 558 2288 iis
578 2229 737 2313 apparet,
765 2238 854 2314 quae
877 2213 1036 2311 leguntur
1060 2213 1096 2287 in
1123 2213 1253 2290 concilio

148 2329 364 2427 mogrmtino,
385 2328 513 2429 dequo
538 2329 584 2402 ite
610 2328 727 2402 scribit
751 2325 878 2402 Natalis
900 2326 994 2400 Alex.
1008 2356 1027 2398 r
1040 2327 1129 2403 Cum
1146 2331 1182 2404 iu
1196 2346 1253 2404 tres

149 2458 276 2516 turmas
303 2468 362 2515 seu
388 2442 525 2516 ordines
550 2442 732 2516 concilium
757 2442 903 2516 divisum
928 2457 1018 2517 esset
1046 2446 1111 2539 (ut
1136 2458 1253 2520 oonsnt

149 2583 189 2630 en
215 2555 421 2657 praelatione
445 2573 578 2655 petrum
592 2562 620 2652 ),
644 2574 678 2630 et
701 2558 734 2629 io
759 2558 868 2657 prima
894 2573 1003 2630 turma
1028 2559 1200 2663 episcopi,
1224 2559 1251 2630 in

148 2670 298 2745 secunda
328 2669 488 2759 abbates,
518 2672 552 2744 in
581 2673 676 2745 tertia
700 2675 828 2745 comites
845 2688 875 2744 et
892 2670 1015 2745 iudices
1034 2677 1071 2748 in
1087 2675 1250 2748 manbote

148 2785 345 2858 decertantes
371 2786 544 2876 sederent,
573 2788 797 2884 cognitionem
822 2814 957 2875 eorum,
979 2815 1070 2888 quae
1096 2792 1250 2866 matrimo

147 2903 239 2975 nium
265 2917 436 3001 spectant,
466 2930 532 2976 non
559 2930 739 3003 suscepere
758 2903 836 2978 laici
863 2904 911 2976 illi
934 2905 1172 3004 magistratus,
1198 2907 1249 2978 im-

147 3019 309 3118 peratoris
323 3019 519 3092 auctoritate
531 3020 626 3118 oulqi
638 3022 782 3093 iustitias
790 3023 1034 3119 perquirentes,
1056 3027 1247 3120 omniumque

144 3133 386 3205 advenientium
410 3161 524 3205 causas
551 3134 725 3231 diligenter
750 3138 992 3219 examinantes,
1018 3137 1082 3209 sed
1109 3134 1246 3238 episcopi

145 3275 240 3321 sacra
266 3249 418 3346 eloqrnata
441 3250 594 3346 dilr'qentr'
614 3251 720 3322 studio
743 3253 986 3350 perquirentes,
1008 3269 1047 3327 ut
1064 3270 1188 3328 statam
1204 3277 1246 3326 ec·

145 3361 268 3435 clasiae
292 3365 352 3435 Dei
380 3381 412 3437 ot
438 3365 643 3438 christianae
673 3366 783 3466 plebis
814 3368 1013 3466 perficerent
1030 3384 1065 3444 et
1082 3393 1244 3446 conserva·

144 3496 216 3552 rent
232 3482 304 3574 (lb)
314 3539 320 3550 .
330 3512 345 3548 o

215 3722 264 3783 (42)
283 3725 308 3769 tn
324 3722 366 3770 ait.
384 3723 490 3772 collect.
506 3723 740 3784 nestorianarum.
754 3728 773 3774 1.
787 3725 845 3775 coll.
861 3733 903 3776 189
914 3740 984 3790 seqq.

213 3803 265 3864 (ts)
280 3804 307 3851 tn
323 3803 365 3851 eit.
383 3803 488 3852 collect.
506 3804 657 3853 Baluzr'cma
673 3808 732 3855 tarn
745 3808 764 3853 1.
777 3806 825 3855 eol.
837 3814 888 3857 189.

211 3881 262 3942 (ta)
280 3882 434 3945 capitulare
449 3888 665 3947 aqutsqranense,
687 3900 744 3949 cap.
764 3889 822 3935 m.
844 3889 881 3936 De
898 3890 1060 3950 puraattone
1079 3889 1236 3941 suerraotss.

141 3959 203 4009 thid.
216 3960 264 4008 col.
278 3968 330 4011 386.
345 3963 438 4012 Deinde
450 3964 539 4025 passim
550 3965 620 4027 plora
630 3966 727 4026 statuit,
738 3964 929 4030 arltioiensquta
938 3968 1080 4030 Greqartus
1092 3961 1238 4032 (postremi

141 4043 505 4094 consensit,..consenserunt
522 4048 644 4107 Graupius
668 4047 746 4107 (sorte
757 4046 913 4109 Greaon'ur)
928 4049 1064 4113 episcopio
1088 4060 1205 4100 ronanus
1217 4043 1236 4093 tl

140 4121 253 4170 Ioannes
269 4122 430 4173 sacellarius
445 4127 493 4172 ete.
509 4125 546 4173 ct.
563 4125 623 4174 ibid.
635 4126 682 4175 col.
696 4132 739 4176 18³
751 4138 819 4189 seqq.

212 4201 261 4263 (ts)
280 4204 347 4251 ant.
361 4203 448 4252 eccles
466 4208 786 4255 ministrarunt.
802 4208 830 4254 V.
