2804 5062
147 367 222 420 W.
235 367 271 420 ll.
289 363 447 417 11110188.
461 362 565 417 rainu.
579 358 1043 418 rio.urr.1ara.oaarsr.'aur.
1058 365 1106 418 ili.
1142 327 1213 415 m

111 512 182 590 pum
208 487 365 584 [regem
390 483 573 558 Galliamm
598 501 630 557 et
655 484 846 558 Bertradam
873 487 1069 560 auctoritate
1096 467 1219 562 Pasca-

111 602 208 678 inii.
226 600 508 701 Quandoquidem
532 626 611 674 raro
637 600 759 674 laetum
787 601 876 674 istud
902 601 1033 675 celebre
1056 603 1165 675 extitit
1182 603 1217 674 in

111 717 247 793 historia
272 732 342 791 tum
367 714 596 790 ecelesiastica
619 731 691 788 tum
714 715 829 803 civili,
859 717 979 790 iuverit
996 718 1114 817 paucis
1133 716 1217 790 illud

111 861 142 908 m
167 832 376 909 authenticis
402 831 552 905 lontibus
579 858 737 905 enarrare
754 831 797 907 ob
815 833 927 929 magni
953 834 1110 906 momenti
1137 858 1218 907 con-

111 949 294 1024 ocutiones
310 973 399 1048 quae
414 946 537 1020 exinde
555 947 589 1019 in
608 974 677 1019 rem
702 963 849 1020 nostram
875 948 1101 1022 efflorescunt.
1120 947 1218 1023 Hono

111 1090 203 1164 tomo
220 1062 372 1138 ordinem
391 1061 676 1137 consectabimur:
695 1065 729 1134 1.
743 1088 951 1162 exponemus
969 1063 1217 1136 matrimonium

113 1179 224 1255 nitum
250 1179 336 1254 inter
360 1177 537 1252 Falconem
564 1178 718 1252 comitem
736 1178 1012 1275 andegavensem
1038 1195 1071 1253 et
1092 1180 1219 1252 Bertra-

111 1294 180 1370 lam
199 1293 304 1385 filiam
321 1292 456 1367 comitis
472 1293 619 1367 Simonis
637 1293 679 1366 de
697 1293 864 1382 hlontlort;
883 1294 917 1366 2.
931 1294 1124 1392 coniugium
1142 1319 1219 1368 con-

111 1426 241 1484 ractum
262 1409 348 1482 inter
366 1406 560 1506 Philippum
578 1424 612 1480 et
627 1407 840 1494 Bertradam3
872 1410 906 1480 3.
923 1434 1071 1507 quanam
1089 1409 1218 1481 ratione

111 1551 138 1600 re
154 1524 325 1624 gesserint
339 1522 404 1598 hoo
421 1523 455 1594 in
470 1523 604 1620 negotio
617 1522 773 1596 Urbanas
787 1523 831 1597 ll.
844 1541 877 1597 et
889 1522 1063 1598 Paschalis
1077 1523 1120 1594 ll.
1130 1550 1213 1597 rom.

111 1638 304 1726 Pontificem
337 1641 369 1711 i.
393 1637 602 1739 inquiremus
633 1665 714 1711 num
747 1657 824 1736 post
854 1638 1047 1713 huiusmodi
1071 1638 1217 1736 coniugii

111 1755 383 1842 issohtionen,
410 1753 587 1828 Paschalis
613 1756 656 1826 ll.
674 1755 961 1854 dispensationem
991 1754 1214 1840 concesserit,

111 1888 134 1947 tt
156 1870 407 1947 matrimonium
425 1870 524 1945 luerit
541 1896 604 1944 nec
622 1897 662 1944 ne
682 1871 963 1968 redintegratum
986 1874 1019 1942 5.
1042 1869 1218 1943 corollaria

111 1987 237 2063 lamam
261 2013 302 2061 ex
327 1987 392 2061 hac
416 1986 494 2061 laeti
520 1987 729 2086 expositione
753 1985 972 2060 deducemus.

172 2101 219 2176 [lt
233 2101 337 2200 igitar
352 2126 373 2174 a
390 2102 500 2202 primo
518 2101 749 2187 exordiamur,
771 2101 871 2174 relert
896 2101 1077 2175 Orderieas
1100 2100 1217 2174 Vitalis

111 2232 218 2293 motor
235 2216 449 2318 synchronus
463 2218 560 2313 (tae)
578 2217 756 2291 Falconem
771 2218 926 2291 comitem
948 2215 1216 2315 andegavensem
1239 2311 1241 2320 k

111 2334 271 2436 prpiootae
293 2334 384 2409 ritae
408 2333 579 2408 hominem
605 2333 697 2408 binis
724 2334 909 2432 repudiatis
934 2333 1117 2421 uxoribus,
1146 2333 1218 2406 ille

111 2450 213 2525 ahris
237 2464 373 2550 captam
399 2447 578 2523 Bertradae
603 2448 694 2522 lilino
717 2449 865 2524 Simonis
889 2449 1023 2523 comitis
1049 2449 1216 2524 hlontlorti

111 2566 282 2669 raptisque
299 2565 432 2639 comitis
450 2562 617 2638 Guillelmi
635 2562 916 2651 eboradanensis,
933 2591 1008 2637 eam
1026 2564 1060 2637 in
1078 2590 1215 2638 uxorem

111 2678 255 2782 iehisse.
272 2680 309 2754 ln
328 2680 419 2754 hanc
443 2681 546 2753 finem
564 2704 699 2779 operam
718 2678 919 2780 interposuit
940 2680 1037 2754 ducis
1058 2682 1218 2755 Norman·

111 2797 181 2873 liae
205 2796 339 2871 liuberti
362 2796 418 2870 eui
446 2796 547 2870 Falco
573 2795 733 2869 nonnulla
759 2813 869 2870 castra
892 2797 1008 2870 cessit.
1026 2797 1073 2869 Ae
1105 2797 1217 2898 reipsa

111 2936 195 3002 m,
216 2912 372 3012 quamvis
397 2911 503 2985 adino
531 2926 638 2984 testem
660 2913 774 3010 oircqo
801 2912 920 2985 luisset
940 2913 1053 3009 (124),
1075 2912 1218 2987 obtinuit

111 3029 182 3105 ,icet
207 3029 242 3103 in
267 3029 355 3103 vivis
388 3043 524 3125 agerent
555 3024 643 3099 duae
668 3027 864 3126 repudiatae
887 3055 1029 3102 uxores:
1042 3028 1218 3126 «andega-

111 3145 217 3221 rnsis
247 3143 385 3231 consul,
421 3142 538 3217 scribit
571 3142 628 3216 cit.
650 3158 787 3230 auctor,
823 3143 1034 3242 concupitam
1071 3143 1216 3243 puellam

111 3260 256 3360 pandens
280 3259 445 3359 suscepit,
473 3275 507 3332 et
530 3257 720 3333 viventibus
752 3257 865 3331 adhue
894 3257 1028 3332 duabus
1055 3257 1216 3332 uxoribus

111 3375 322 3477 lesponsarit
341 3376 461 3472 (1111);
477 3374 662 3461 «Quocirca
673 3372 787 3474 paulo
813 3389 889 3473 post
906 3374 949 3447 ab
966 3374 1083 3447 eodem
1107 3373 1214 3446 Orde-

111 3492 172 3569 ieo
197 3489 357 3565 Bertrada
380 3505 520 3564 vocatur
544 3488 673 3589 pellex,
703 3488 803 3563 Falco
828 3515 907 3564 vero
941 3488 1072 3564 adulter
1096 3491 1209 3586 (tto).

173 3759 240 3822 (111)
256 3760 284 3808 in
297 3760 366 3810 Hist.
379 3757 522 3810 ecclesiast.
536 3757 578 3808 lib.
592 3760 658 3807 vill.
673 3770 725 3820 pag.
741 3763 783 3808 est
799 3769 866 3819 seqq.

168 3840 239 3902 (itt)
256 3839 319 3890 min.
331 3839 350 3889 1.
361 3853 384 3889 c.

175 3919 243 3982 (¹25)
259 3918 324 3969 ibid.
527 3960 531 3967 .

172 3999 241 4062 (1111)
256 3997 320 4049 ibid.
332 4011 386 4062 pag.
400 4004 459 4050 899:
475 3999 536 4049 «Sic
550 3999 662 4062 petalam
676 3997 768 4063 petire
786 3997 940 4048 adulterum
958 3999 1073 4048 comitem
1093 3999 1216 4061 reliquit„

111 4077 198 4131 tainus
217 4077 332 4128 norimus
347 4077 545 4129 coniunctionem
556 4078 672 4127 Falconis
684 4091 743 4127 cum
754 4078 870 4128 Bertrada
884 4091 933 4127 non
950 4077 1024 4127 inisse
1035 4077 1082 4127 nisi
1100 4079 1215 4129 concubi·

111 4160 204 4219 nm,
223 4155 478 4220 depoehmdimusqae
498 4169 575 4220 qnare
593 4156 716 4220 episcopi,
729 4157 773 4220 qui
790 4158 885 4207 matum
906 4156 1076 4207 excitaverant
1093 4170 1216 4208 rumorem

111 4235 277 4301 hscprrdlam
287 4237 426 4301 Philippici
433 4236 550 4298 Bortinae,
564 4249 698 4299 numquam
710 4237 893 4288 mussitaverint
904 4237 936 4288 oh
949 4236 1078 4301 repudium
1086 4239 1216 4289 &araone

112 4335 129 4370 x
145 4319 218 4384 parte
228 4317 361 4368 Falcemis.

184 4426 212 4480 ii
1117 4432 1149 4482 21
