2804 5062
216 377 1149 447 orsurussucu.rornsr.n1sr.rnrenumerantur.
1203 363 1247 436 93

95 530 97 547 =
157 523 206 572 non
222 498 322 597 pauci
342 498 416 571 initi
434 496 631 573 iamdudum
649 500 797 598 coniugii
815 502 979 601 pertaesi,
995 517 1033 576 ut
1049 502 1247 583 solutionem

152 614 200 687 n'te
222 613 433 701 obtinerent,
460 614 679 704 obtenderent
705 615 854 716 aliquam
879 618 1087 715 cognationis
1109 618 1250 697 allinitu-

150 746 202 803 tem
219 730 255 801 in
277 730 388 827 gradu
407 729 596 828 prohibito,
625 730 796 805 ueletiam
823 731 940 806 eedem
965 733 1164 831 coniugibus
1188 734 1249 809 ob-

148 844 330 919 tenderetur
347 845 391 921 ab
408 845 504 931 aliis,
527 862 563 920 ut
580 846 623 921 iis
641 846 829 922 molestiam
848 863 1030 951 ¹crearent,
1057 875 1185 950 eosque
1204 851 1249 925 ad

146 961 390 1061 separationem
405 962 588 1059 ‘adigerent
617 964 705 1059 (21).
777 992 780 999 ·
1055 1053 1057 1058 Ι
1243 1050 1246 1055 ¹

209 1075 425 1177 Quapropter
448 1103 532 1169 rom.
549 1078 724 1178 pontifices
742 1096 779 1153 ut
792 1078 940 1153 firmitati
958 1081 1149 1179 nuptiarum
1169 1105 1263 1181 pro-‘¹

144 1191 326 1291 spicerent,
353 1192 619 1280 constituerunt,
647 1209 684 1266 ut
696 1194 893 1294 priusquam
914 1193 991 1284 illae
1003 1195 1248 1271 celebrarentur

143 1306 317 1406 inquisitio
334 1306 452 1394 fieret,
481 1322 592 1381 utrum
609 1307 747 1408 aliquod
769 1309 1043 1408 impedimentum
1064 1311 1249 1387 intercede·

142 1437 202 1509 ret,
217 1447 260 1496 ac
277 1422 310 1496 si
323 1421 416 1495 iusta
430 1423 610 1522 gravisque
627 1449 730 1498 causa
748 1423 964 1499 relaxationis
981 1425 1248 1525 deprehendere·

143 1552 213 1624 tur,
240 1561 406 1610 recursus
429 1536 698 1636 interponeretur
713 1538 757 1612 ad
774 1539 999 1638 apostolicam,
1012 1539 1145 1629 sedem,
1160 1567 1249 1641 quae

143 1650 295 1724 omnibus
321 1651 385 1726 rite
410 1652 606 1751 perpensis,
633 1652 726 1728 illam
750 1655 945 1729 concederet
961 1670 1018 1729 aut
1041 1654 1269 1755 denegaret,

143 1782 233 1864 prout
257 1765 421 1866 expedire
440 1767 554 1844 ‚visum
580 1785 682 1842 esset.
705 1769 813 1855 Quam
838 1769 975 1869 quidem
1000 1770 1259 1867 agendiratio-⁴

146 1907 213 1954 nem
230 1880 379 1957 libenter
391 1881 543 1983 probavit
555 1882 698 1956 ecclesia
716 1884 885 1957 uniuersa.
901 1883 950 1957 Eo
966 1884 1019 1957 vel
1034 1885 1140 1981 magis
1158 1884 1248 1983 quod

144 2021 251 2070 esee.
281 1997 359 2069 llll.
387 2023 427 2071 ac
451 1997 611 2099 deinceps
638 1999 843 2098 poenitentia
876 1998 1010 2098 publica
1038 1999 1182 2098 coeperit
1211 2000 1247 2071 in
1298 1995 1302 1999 “

144 2110 398 2187 desuetudinem
423 2113 538 2201 abire,
568 2113 675 2188 donec
691 2114 828 2188 omnino
853 2113 1028 2201 defecerit3
1050 2115 1130 2187 hinc
1147 2140 1255 2202 cano,

144 2254 216 2301 num
230 2230 519 2326 transgressiones
533 2228 698 2304 eiusmodi
709 2230 870 2304 canonica
883 2230 1084 2330 poenitentia
1092 2230 1247 2303 mulctari

144 2344 287 2444 amplius
311 2370 381 2420 non
405 2361 568 2446 poterant.
598 2345 809 2444 Quapropter
838 2372 879 2417 ne
905 2345 1036 2444 penitus
1066 2342 1247 2443 disciplina

143 2476 357 2543 enervaretur
369 2476 556 2535 statuerunt
572 2486 656 2534 rom.
679 2461 875 2559 pontifices,
905 2475 943 2533 ut
965 2459 1008 2532 ad
1031 2458 1248 2533 obtinendam

143 2576 309 2674 proriam
337 2566 626 2676 dispensationem
652 2576 696 2650 ab
716 2576 965 2676 impedimentis
991 2574 1089 2650 sedes
1114 2592 1248 2677 aposto-

143 2689 200 2766 liea
234 2691 400 2767 adiretur.
436 2692 604 2766 lnterdnm
628 2717 707 2766 vero
740 2691 842 2764 iidem
876 2692 1051 2791 pontifices
1077 2691 1247 2767 nonnullis

142 2807 308 2908 episcopis
326 2806 522 2881 facultatem·
534 2807 698 2882 dederunt
715 2808 935 2909 dispensandi
953 2809 1149 2908 praesertim
1170 2834 1247 2881 cum

143 2921 348 3024 pauperibus
372 2924 407 2995 in
433 2939 552 3024 quarto
572 2923 678 3021 gradu
689 2946 703 3011 ·;
733 2925 841 2997 rarius
867 2924 1005 2998 veroin
1031 2923 1138 2997 tertio.

207 3038 368 3113 Ceterum
390 3040 545 3139 quamvis
561 3037 649 3113 'olim
673 3039 812 3113 minime
841 3039 1000 3113 darentur
1029 3038 1249 3112 relaxationes

141 3156 295 3251 praeviae
312 3152 355 3227 ad
369 3153 528 3227 connubii
542 3154 798 3229 celebrationem
815 3213 823 3243 ,
852 3180 917 3227 non
943 3150 1046 3226 semel
1065 3168 1175 3225 tamen
1189 3175 1248 3223 eas

143 3267 236 3344 lutus
261 3295 343 3344 esse
359 3269 513 3343 novimus
530 3269 691 3345 anteactis
709 3269 833 3345 seculis
845 3283 1020 3366 postquam
1036 3293 1112 3339 cum
1133 3264 1248 3363 aliquo

143 3383 380 3485 impedimento
403 3384 596 3482 coniugium
621 3400 825 3458 contractum
852 3400 932 3457 erat.
962 3382 1094 3454 Etenim
1120 3396 1249 3480 praeter

143 3499 294 3599 exempla
305 3522 336 3574 s·.
349 3499 497 3598 Gregorii
509 3501 569 3588 ll,
584 3523 625 3573 ac
638 3501 722 3574 lorte
739 3498 844 3597 Sergii
859 3499 916 3570 lll.
935 3496 1061 3571 Nicolai
1076 3498 1117 3570 ll.
1131 3514 1244 3597 atque,

204 3705 256 3768 (²1)
271 3706 388 3769 apposite
404 3703 518 3759 ctnraon
533 3709 601 3757 nist.
617 3706 662 3759 des
678 3708 823 3758 sacrament
839 3709 898 3756 tom.
916 3708 957 3755 vt.
970 3705 1010 3756 cti.
1024 3707 1054 3755 x.
1071 3707 1115 3756 Du
1134 3704 1251 3766 mance

144 3796 191 3849 neg.
205 3789 262 3837 m.
290 3785 364 3837 affert
387 3785 450 3836 bauo
466 3786 492 3836 in
507 3799 564 3837 ‘rein
586 3786 752 3838 testiinonium
775 3787 875 3837 Mezernt
898 3785 997 3849 Abreoe
1010 3783 1125 3836 chronol.
1148 3784 1208 3833 tour.
1227 3783 1248 3832 1.

144 3878 193 3930 m.
207 3871 263 3918 m.
285 3886 298 3910 ι
309 3867 358 3917 Des
374 3867 452 3930 qn'uu
471 3868 580 3917 marion
598 3880 646 3917 une
663 3866 751 3918 fernme
768 3867 859 3917 etatem
872 3866 988 3930 ddgomes
1003 3865 1053 3914 l'un
1070 3862 1101 3913 dc
1115 3862 1201 3912 l'autre
1215 3873 1248 3910 ou

142 3947 197 4007 cu’il
217 3946 316 4010 pressit
333 3947 405 3998 eurio
422 3947 438 3997 t
456 3947 591 4013 quelqu’uu
615 3949 646 3998 de
666 3949 701 3998 tes
718 3947 845 4008 troubter,
865 3961 897 3998 on
915 3945 1007 3997 n’arrit
1023 3944 1080 4008 qu't
1097 3941 1212 3993 nrttcruer
1224 3941 1250 3990 et

142 4022 204 4082 itrer
218 4025 501 4091 qu’rutmantpmnu
513 4040 545 4078 su
558 4026 631 4086 decre
647 4027 762 4091 prohibe,
777 4029 802 4078 et
812 4027 828 4077 t
837 4026 953 4091 produtra
963 4037 1007 4075 sur
1021 4023 1073 4075 cett
1089 4021 1132 4072 des
1146 4020 1251 4071 temotns

146 4105 190 4163 (ru
204 4105 310 4157 sumre
322 4104 355 4158 de
369 4105 443 4170 neus,
460 4119 509 4171 que
522 4107 549 4170 je
563 4107 645 4171 non)
655 4107 717 4159 dont
730 4121 763 4158 ou
776 4121 808 4160 ne
822 4106 950 4171 nanqurtt
961 4117 1019 4170 ραις
1030 4103 1082 4156 etit
1098 4102 1189 4165 taltstt,
1201 4114 1251 4166 que

145 4182 248 4250 leveque
263 4185 406 4250 dlorksin,
424 4200 456 4237 ou
473 4200 520 4239 nne
535 4187 668 4239 mwmblee
682 4187 825 4252 d’ereqnea
839 4187 902 4251 s’tty
915 4187 983 4239 aaut
997 4185 1103 4250 nitetque
1114 4183 1251 4246 diffimlte,

147 4271 273 4331 munt
293 4267 452 4320 uem:-
475 4270 546 4327 Quee
565 4267 666 4333 qutdem
690 4268 845 4320 cturdontus
866 4267 995 4319 confirmet
1014 4265 1127 4331 exaupto
1143 4260 1250 4326 Pntttppt

146 4347 238 4405 lumi
255 4349 281 4399 et
299 4347 396 4410 reginae
411 4347 582 4411 tngolburgse,
602 4360 631 4399 nc
652 4348 762 4412 pluribus
778 4348 834 4399 aliis
853 4347 934 4397 adhuc
951 4347 1049 4411 possent
1067 4342 1193 4395 tttnstruri.
