2804 5062
147 328 192 394 to
248 368 266 398 ,-
381 345 456 396 ιιι.
478 344 512 394 ιι.
534 344 620 392 sacr.
641 344 664 391 ι.
685 342 867 393 errorem.
890 339 1017 393 secare.

144 462 285 561 insuper
314 463 348 532 in
374 461 490 534 eadem
513 458 655 557 epistola
672 459 714 530 da
736 459 889 557 personis
910 485 1013 556 agens
1031 475 1108 534 voto
1133 459 1257 534 obstri-

146 576 209 648 ctis
233 576 368 648 scribit:
401 577 602 647 «Praeterea
628 574 866 647 monachorum
884 574 1048 673 quosdam
1067 589 1171 674 atque
1185 582 1259 649 ‘mo-

143 691 337 764 nacharum
352 690 481 762 abiecto
499 689 669 787 proposito
687 690 872 761 sanctitatis
894 688 928 761 in
954 703 1079 761 tantam
1097 705 1259 788 protesta-

140 805 195 878 ris
213 805 389 888 demersos}
402 829 479 876 esse
501 802 690 887 lasciviam,
718 817 755 874 ut
780 803 872 902 prius
894 800 1063 888 clanculo,
1084 803 1179 876 velut
1195 802 1258 876 suh

142 922 425 995 monasteriorum
442 935 612 1018 praetentu
630 919 746 992 illicita
768 945 808 991 ac
826 918 988 1015 sacrilega
1005 945 1043 992 aa
1059 919 1259 1016 contagione

143 1019 361 1121 ¹misoueriutg
383 1050 499 1133 postea
518 1060 596 1106 vcro
617 1035 651 1104 in
677 1033 817 1133 abrupta
847 1030 1259 1132 conscientiaedespera·

142 1149 240 1231 tione
266 1147 417 1247 perducti
444 1149 487 1220 de
521 1148 645 1221 illicitis
679 1147 906 1246 complexibus
938 1146 1040 1221 libere
1066 1146 1156 1221 lilios
1183 1173 1258 1248 pro-

147 1263 349 1348 creaverint,
365 1262 501 1362 quodet
519 1263 672 1362 publicae
690 1261 780 1359 leges
797 1278 830 1333 et
847 1261 1074 1335 ecclesiastica
1088 1261 1164 1335 iura
1181 1288 1257 1336 eom

145 1375 315 1454 damnant.
344 1377 414 1449 llas
439 1403 517 1474 ergo
538 1377 726 1475 impudicas
740 1374 1033 1474 ¹detestabilesque
1051 1402 1216 1474 personas
1239 1401 1258 1450 e

143 1491 426 1576 monasteriorum
452 1506 567 1576 coetu,
596 1491 879 1589 ecclesiarumque
904 1489 1122 1564 conventibus
1148 1489 1258 1563 elimi-

38 1667 42 1675 .
145 1605 278 1688 pandas
295 1632 376 1688 ¹esse
399 1605 596 1678 mandamus
623 1610 710 1701 (tt),
730 1594 747 1674 i

147 1786 150 1790 ι
178 1792 181 1800 ,
219 1722 267 1794 De
289 1722 354 1796 hoc
378 1723 453 1821 ipso
472 1723 539 1795 uoti
558 1721 796 1821 impedimento
818 1736 908 1795 extat
923 1747 998 1794 can.
1021 1720 1099 1794 clv.
1123 1721 1256 1795 concilii

147 1837 297 1933 carthag.
325 1837 389 1916 tv„
409 1867 425 1905 a
443 1837 484 1910 Ut
508 1837 537 1908 si
563 1863 651 1936 quae
674 1837 877 1909 viduae...
900 1862 938 1908 se
962 1836 1167 1910 devoverunt
1191 1835 1258 1909 Do-

147 1953 258 2036 mino.
280 2010 287 2023 .
309 1968 455 2050 „postea
471 1979 549 2026 vero
566 1953 608 2024 ad
629 1954 763 2052 nuptias
782 1951 950 2025 seculares
970 1951 1196 2024 transierunt.
1218 2010 1225 2023 .
1247 2010 1255 2024 .

148 2066 232 2139 tales
257 2085 420 2166 personae
445 2068 518 2141 sine
543 2068 801 2141 christianorum
823 2068 1056 2140 communione
1077 2082 1254 2152 maneant,

148 2205 235 2278 quae
253 2180 352 2251 etiarn
370 2207 431 2263 nec
452 2180 486 2251 in
504 2181 657 2253 convivio
682 2207 757 2255 cum
774 2181 968 2254 christianis
993 2179 1256 2256 communicent

149 2295 232 2379 llam
249 2295 278 2366 si
300 2292 471 2368 adulterae
488 2294 646 2390 coniuges
666 2311 758 2368 reatu
778 2313 856 2368 sunt
873 2295 955 2369 viris
977 2294 1049 2370 suis
1069 2294 1253 2382 obnoxiam

147 2426 270 2508 quanto
288 2410 395 2506 magis
408 2409 554 2495 viduae,
576 2435 663 2507 quae
681 2410 930 2506 religiositatem
948 2426 1178 2497 mutaverunt,
1194 2411 1257 2483 cri·

149 2522 242 2610 mine
273 2522 427 2596 adulterii
448 2523 685 2607 notabuntur,
719 2525 748 2596 si
780 2525 1014 2611 devotionem,
1050 2549 1152 2625 quam
1188 2525 1258 2599 Deo

147 2650 291 2732 sypenta,
319 2662 384 2710 non
411 2652 569 2723 coactae,
597 2635 806 2723 obtulerunt,
839 2636 1020 2713 libidinosa
1049 2639 1258 2738 corruperint

147 2745 336 2847 uoluptate,
369 2768 469 2848 atque
507 2750 549 2820 ad
587 2751 752 2823 secundas
783 2752 918 2849 nuptias
956 2753 1131 2826 transitum
1172 2752 1257 2827 lece-

149 2862 218 2953 rint
247 2861 377 2959 (tofis
407 2864 480 2949 Quo
506 2865 641 2963 quidem
667 2891 795 2940 canone
822 2866 997 2940 adulteriis
1023 2885 1258 2967 comparantur

148 2976 327 3070 viduarum
348 2979 418 3052 Deo
442 2978 635 3053 devotarum
663 2982 961 3080 transgressiones.
991 2983 1066 3056 Dixi
1091 2983 1257 3059 eiusmodi

150 3093 346 3183 violationes
364 3095 539 3168 adulteriis
557 3098 762 3196 comparari,
786 3097 867 3197 quia
886 3099 949 3171 etsi
968 3124 1045 3173 vere
1059 3124 1102 3173 ac
1123 3100 1266 3197 proprie

150 3210 314 3284 adulteria
339 3204 405 3286 non
432 3212 522 3300 sint,
556 3227 655 3312 prout
684 3213 810 3285 iamdiu
841 3212 1055 3316 adnotaverat
1085 3241 1113 3287 s.
1143 3214 1258 3314 Augu·

151 3324 277 3410 atinus,
304 3341 415 3401 tamen
435 3326 576 3425 ipsemet
603 3325 771 3399 affirmare
800 3354 866 3400 non
892 3327 1023 3401 dubitat
1056 3326 1201 3427 clapsus
1227 3345 1260 3401 ot

149 3437 304 3523 ruinasa
328 3442 480 3515 castitate
506 3443 684 3530 sanctiori,
707 3468 794 3543 quae
817 3457 954 3514 voretur
970 3442 1059 3528 Deo,
1080 3441 1258 3516 adulteriis

93 3547 94 3550 ’
150 3575 228 3624 essa
254 3551 385 3650 peiores
413 3557 538 3650 (61).»

223 3665 342 3738 Verum
368 3669 458 3767 quod
490 3687 526 3741 ut
555 3669 706 3742 illicitum
740 3672 932 3743 damnatum
969 3686 1019 3743 est
1050 3669 1085 3743 in
1114 3671 1258 3746 concilio

218 3883 269 3945 (aa)
283 3883 347 3933 lom.
360 3896 414 3948 cap.
427 3885 481 3931 vll.
493 3883 540 3932 col.
553 3891 607 3934 otu.

147 4007 152 4017 .
217 3963 268 4026 (to)
283 3962 354 4028 Apud
370 3962 491 4014 nardum.
513 3964 578 4013 Acta
595 3964 692 4014 concil.
708 3969 769 4015 tom.
782 3967 801 4016 l.
818 3967 866 4018 col.
886 3973 939 4018 985.
956 3967 1109 4018 celebratum
1125 3969 1209 4018 msam
1224 3971 1263 4020 eat

150 4039 197 4090 hos
211 4041 299 4092 concil.
314 4055 355 4092 an.
369 4047 423 4094 tte.
435 4044 506 4105 eique
523 4043 632 4094 interluit
645 4057 666 4093 s.
681 4045 829 4109 Augustinus
843 4060 900 4096 cum
915 4046 1035 4110 episcopts
1051 4050 1104 4097 att.

218 4119 269 4184 (ot)
283 4122 338 4172 uio.
352 4125 390 4173 Dc
401 4123 465 4173 tono
477 4122 616 4174 otduttottr
632 4137 686 4188 cap.
697 4128 727 4177 x.
740 4127 765 4177 ct
775 4128 817 4176 xl.
832 4128 931 4176 toritas.
944 4128 1073 4177 Doctorem
1083 4126 1205 4178 eiusmorlt
1216 4141 1261 4179 nu·

152 4199 412 4263 admensuratae
434 4203 476 4254 aad
498 4217 546 4252 non
567 4202 695 4256 invalidae.
713 4207 814 4268 utique
837 4208 943 4257 attamen
958 4207 1009 4269 tege
1024 4207 1156 4269 sectatae,
1173 4208 1262 4261 saltam

147 4278 254 4341 witer
270 4281 405 4344 prohibitae
417 4297 445 4334 ac
462 4283 599 4335 damnatae.
1062 4297 1064 4301 ν
1147 4299 1149 4303 .
1183 4298 1185 4302 ,
