2804 5062
145 359 221 443 tlt,
283 435 287 441 ,
376 372 851 463 maerensmaerens.
872 373 1013 437 semu,
1038 396 1041 403 ·
1087 398 1103 433 -,

145 499 246 588 dam,
273 512 307 573 et
329 495 438 575 solam
462 494 714 583 aase'malem,
730 493 816 594 qaia
835 492 1029 581 interdieta,
1046 505 1097 566 'nt
1120 506 1231 567 eoem

146 615 233 689 rinm
253 612 390 689 omnino
411 611 532 687 rationi
550 610 726 691 disseram
741 609 932 684 videatur.»
946 608 1045 681 ltsm:
1063 636 1083 677 a
1095 605 1231 683 llellitie

145 730 218 807 iure
243 744 388 803 naariae·
405 725 664 827 prohibita-nen
679 739 764 800 est:
794 723 890 798 Unde
913 722 945 797 si
967 723 1059 797 Deus
1083 746 1162 799 earn
1188 746 1231 797 ne

148 842 396 930 interdixisset,
424 868 526 942 saepe
551 856 641 916 esset
664 840 773 928 bene,
791 856 825 915 et
842 837 1028 939 aliquande
1051 836 1231 936 obligatae

145 957 213 1037 sub
235 955 522 1053 mortali·(1ee).»
733 1026 736 1033 ,
759 972 763 977 ·

218 1070 306 1151 Hine
327 1087 554 1173 opportunum
579 1069 759 1145 admodum
786 1067 894 1143 luisse
916 1082 1032 1168 petet,
1059 1082 1099 1142 nt
1122 1065 1231 1169 lsxpr

146 1184 247 1259 sitive
259 1183 451 1261 decerneret
466 1210 507 1259 ae
523 1185 734 1259 aonfirmaret
745 1209 786 1259 aa
799 1183 876 1282 ipse
893 1181 1151 1282 impedimenta,
1166 1206 1231 1281 qna

146 1298 182 1371 in
199 1297 271 1372 iure
287 1315 426 1375 naturae
442 1299 613 1373 evidenter
628 1293 860 1386 eontinentur,
880 1295 1052 1396 multoque
1067 1295 1183 1394 magis
1198 1321 1231 1371 as

146 1437 233 1512 quae
256 1411 309 1492 vel
335 1412 463 1499 ineerta
482 1412 535 1487 vel
556 1411 730 1486 indefinite
743 1427 840 1499 sunt,
855 1410 885 1486 si
899 1408 1009 1484 solnm
1034 1408 1090 1483 ias
1115 1425 1231 1485 nature

144 1541 325 1627 spectetur.
349 1527 400 1600 lta
420 1528 511 1602 Deus
532 1527 568 1600 in
591 1527 735 1602 Levitian
759 1525 905 1626 positiva
928 1524 1002 1622 lege
1025 1523 1137 1623 legem
1158 1540 1231 1611 nata

145 1640 250 1717 ralem
282 1641 493 1717 mnfirmsvit
519 1655 553 1716 et
581 1641 825 1716 determinavit.
854 1639 964 1727 Quare
989 1638 1069 1714 lieet
1097 1638 1231 1741 seningi

146 1780 212 1830 nen
237 1754 402 1831 selamin
423 1756 553 1857 primo,
579 1755 641 1832 sed
665 1773 699 1831 at
722 1756 758 1830 in
781 1756 886 1831 altera
908 1755 1120 1854 cognationis
1147 1746 1231 1855 grad

145 1869 183 1943 in
199 1869 344 1947 Leinon
362 1871 487 1971 pariter
502 1886 669 1976 vetentur,
690 1897 757 1946 nan
775 1871 927 1972 sequitur
942 1896 983 1944 ea
999 1870 1131 1970 pariter
1144 1896 1166 1944 a
1179 1869 1231 1945 iar

145 1998 283 2059 ramme
307 2009 425 2086 presse
449 1999 582 2086 sumpte
605 1985 736 2074 vetari,
773 1984 923 2086 adaequa
946 1998 1058 2058 utrum
1083 1981 1231 2059 secunde

144 2097 444 2196 consanguinitatis
468 2100 615 2197 gradus,
634 2099 677 2175 de
693 2125 761 2200 que
785 2099 972 2199 loquimur,
999 2098 1231 2189 matrimoninn

145 2237 206 2312 par
228 2239 267 2286 se
296 2213 455 2302 dirimat,
490 2239 558 2289 nan
591 2239 632 2288 ex
665 2213 827 2303 levitico,
859 2212 920 2288 ead
953 2239 994 2286 ex
1028 2213 1079 2287 rei
1115 2229 1231 2289 namra

145 2327 358 2426 potissimum
393 2352 472 2403 vere
502 2354 544 2404 ex
579 2328 731 2403 doctrina
759 2343 792 2403 et
825 2328 920 2429 praxi
952 2326 1120 2405 eeclesiae
1151 2341 1231 2404 stata

145 2439 256 2531 dehet.

212 2557 259 2631 ‘Et
283 2558 368 2632 haee
388 2558 524 2658 quidem
545 2559 587 2633 de
609 2558 845 2658 impedimento
862 2574 934 2634 orto
951 2584 992 2632 ex
1008 2555 1231 2657 censangrrini

146 2685 233 2760 tate3
261 2688 409 2772 praestat
425 2700 515 2749 nune
531 2673 659 2776 aliquid
684 2674 808 2750 addere
823 2675 867 2750 da
883 2674 1231 2776 impedimento,·quot

144 2810 186 2859 ex
212 2786 375 2861 affinitate
401 2789 518 2862 oritur.

204 2899 396 2991 diffinitas,
423 2918 462 2976 ut
484 2918 600 2979 notum
624 2918 696 2992 est,
722 2904 846 2979 dieitur
866 2904 1104 3004 propinquitas
1121 2920 1231 2980 ortae

144 3015 266 3116 copula
290 3014 364 3090 sive
385 3014 496 3106 licita,
525 3043 646 3117 nempe
670 3020 858 3118 coniugali,
879 3021 949 3094 eive
974 3019 1112 3109 illicita,
1132 3018 1231 3096 atlas

145 3130 294 3220 uicaria,
321 3147 380 3205 aut
403 3130 471 3205 alia
494 3131 687 3208 huiusmodi
713 3161 788 3207 eum
814 3135 1076 3234 consanguinea.

215 3244 370 3319 dilinites
394 3245 479 3319 haec
502 3262 611 3346 potest
635 3247 755 3322 adesse
779 3265 837 3322 aut
859 3249 947 3322 inter
971 3248 1231 3325 aseendentese

143 3359 404 3447 descendentes,
426 3387 479 3434 ex.
501 3387 551 3458 gr.
573 3360 660 3434 inter
684 3387 782 3434 avum
807 3377 840 3434 et
863 3378 1017 3460 neptem,
1039 3385 1231 3460 generume

143 3498 301 3561 socrum,
329 3501 504 3549 novercam
531 3492 565 3549 et
588 3475 779 3576 privignum
803 3491 866 3550 ete.
889 3493 922 3550 et
945 3503 985 3551 ea
1009 3492 1062 3551 est
1086 3474 1231 3578 qneedi

144 3587 230 3660 citur
253 3587 342 3662 linea
366 3605 474 3677 recta,
502 3605 560 3663 aut
583 3590 670 3663 inter
694 3588 900 3665 collaterales
919 3618 971 3665 ex.
992 3617 1043 3688 gr.
1065 3591 1154 3665 inter
1170 3616 1231 3667 een

144 3701 300 3777 sobrines
317 3718 350 3776 et
364 3704 604 3792 consobrinas,
628 3731 715 3804 quae
742 3704 831 3780 linea
852 3705 1070 3794 collateralis,
1091 3724 1153 3782 aut
1168 3702 1231 3782 obli

144 3843 212 3917 que
237 3818 337 3893 etiam
366 3835 588 3918 nuncupatur.

215 3931 388 4008 Eiusmodi
407 3932 555 4007 ellinitas
572 3959 802 4035 quaecumque
818 3935 952 4010 demum
965 3935 1011 4010 sit
1023 3937 1097 4011 sive
1111 3936 1147 4010 in
1159 3936 1231 4023 linet

217 4181 282 4243 (loe)
295 4185 367 4248 Prep.
380 4189 418 4238 ⁴8.
430 4187 455 4237 et
464 4190 503 4238 49.
516 4185 578 4238 inter
589 4188 734 4251 prescriptae
743 4186 775 4238 ab
786 4170 980 4238 lnnecentinxl.
992 4187 1018 4237 in
1035 4199 1099 4251 quas
1108 4182 1231 4258 proppss

141 4258 206 4309 Viva
218 4258 308 4312 Tletes
318 4261 467 4316 animae.
479 4265 603 4317 cardamas
611 4266 676 4316 Dias.
687 4268 774 4317 xxlx.
784 4279 838 4330 erp.
850 4271 873 4316 t.
886 4267 1000 4317 scham
1013 4267 1105 4316 laetu.
1118 4267 1187 4318 m
1196 4272 1231 4333 μ

141 4338 203 4391 ditet
214 4342 372 4394 selvatella
381 4347 496 4398 meras
504 4348 530 4398 et
538 4348 664 4409 aaran.
675 4347 778 4411 partu.
788 4348 828 4399 Da
835 4349 894 4397 tarra
903 4347 1017 4399 natum
1024 4344 1145 4412 tium.
1154 4352 1179 4401 ι.
1186 4349 1231 4410 ..Ι
