2804 5062
241 317 309 389 lto
432 337 493 389 um.
516 336 552 389 u.
573 336 660 388 srcr.
680 335 811 388 rernm.
833 336 873 388 nr
890 336 1016 390 rormr.
1039 338 1155 391 cour.

240 457 398 532 fidelibus
425 455 636 557 principibus
668 469 856 556 potestate,
885 470 924 530 ut
946 454 1071 530 deinde
1096 483 1185 537 eam
1202 478 1348 558 negarent

240 573 397 649 fidelibus
423 571 654 673 principibus,
682 597 721 644 ac
742 570 807 645 soli
828 570 991 647 acclesiae
1016 571 1113 646 iuxta
1139 573 1347 649 tridentinum

239 715 401 765 canonem
424 688 652 775 vindicarent,
682 686 724 759 ad
750 685 871 761 incitas
897 685 1022 760 redacti
1049 703 1154 777 sunt,
1183 705 1289 790 atqua
1309 692 1349 764 al·

240 807 416 880 firmarunt
427 819 486 879 aut
498 800 674 877 ecclesiam
693 800 776 874 illud
795 801 849 874 ius
867 801 1038 876 ademisse
1055 803 1290 905 principibus,
1303 822 1351 880 snt

240 920 411 1023 principes
433 917 516 992 illud
535 917 570 990 in
588 915 750 990 ecclesiae
767 916 914 990 laveram
932 916 1093 1005 cessisse,
1113 917 1258 1020 aliaque
1272 922 1350 995 aas

239 1031 724 1136 modiplusminusvsabsona
737 1031 1350 1135 excogitaruntquaenullatbeologe

239 1178 312 1226 rum
332 1166 390 1225 aut
406 1150 655 1224 canonistarum
673 1148 870 1223 auctoritate
883 1148 1073 1248 probabilia
1086 1149 1189 1224 reddi
1204 1169 1346 1253 possunt.

239 1269 334 1340 Forte
351 1281 384 1338 ct
405 1263 489 1337 illud
506 1263 585 1336 addi
605 1279 733 1363 potest,
759 1263 849 1361 quod
869 1278 970 1337 antea
989 1263 1100 1352 innui,
1122 1266 1349 1342 nonnullossr

239 1381 293 1455 his
311 1378 497 1477 theologis,
520 1405 587 1452 non
604 1376 770 1465 absolute,
791 1378 852 1452 sed
870 1377 1087 1480 hypothetica
1098 1379 1215 1455 luisse
1234 1382 1349 1457 locutos

239 1522 300 1598 pro
323 1511 412 1571 statu
432 1521 551 1593 nempe
576 1493 748 1568 societatis
770 1519 940 1593 paganae,
962 1494 995 1566 in
1018 1519 1088 1595 qua
1109 1494 1210 1570 nullu
1226 1514 1346 1573 aratra

238 1609 361 1709 liginsa
377 1608 570 1684 auctoritas.
589 1607 805 1707 Principibus
821 1607 950 1681 scilicet
965 1624 1142 1709 tamquam
1160 1612 1349 1686 custodibus
1367 1611 1373 1623 ’

238 1726 395 1802 residuae
420 1724 511 1798 illius
532 1723 720 1798 honestatis
744 1748 785 1797 ac
805 1723 978 1821 religionis
999 1725 1193 1816 naturalis,
1215 1727 1347 1828 quaein

237 1842 350 1915 medio
376 1841 575 1940 paganismo
600 1855 827 1928 senatuum,
855 1854 1052 1940 potestatem
1077 1840 1236 1943 aliquam
1260 1844 1347 1919 etiam

238 1956 273 2027 in
298 1954 572 2040 matrimonium,
606 1952 783 2027 deficiente
813 1980 909 2029 sacra
941 1955 1141 2030 auctoritate
1165 1957 1347 2033 deroluun

237 2096 314 2145 esse
339 2084 563 2158 censuerunt,
593 2094 659 2143 non
685 2084 797 2142 autmn
820 2069 919 2169 quasi
941 2096 1016 2144 sam
1033 2070 1101 2144 sihi
1120 2070 1347 2148 inhaerentem

237 2211 278 2260 ac
298 2184 514 2283 originariam
544 2182 734 2257 habuerint.
766 2184 978 2284 Quamquam
1002 2186 1069 2259 visi
1096 2201 1183 2262 sunt
1207 2187 1349 2263 absolute

237 2328 277 2375 ac
303 2300 540 2401 philosophice
556 2298 670 2399 loqui,
691 2316 802 2373 tamen
820 2315 972 2374 concrete
986 2300 1208 2377 desoeietate
1225 2328 1349 2404 pagana

237 2415 444 2515 intelligendi
468 2415 636 2490 ridentur.
668 2414 705 2487 lu
731 2439 772 2487 ea
797 2416 956 2490 societate
981 2415 1108 2489 nullam
1130 2418 1298 2494 videbant
1311 2419 1348 2492 le

237 2533 388 2629 gitimam
416 2530 643 2605 auctoritatem
668 2530 734 2602 nisi
761 2529 910 2616 civilem;
935 2529 1018 2629 quid
1044 2530 1173 2605 mirum
1199 2534 1232 2607 si
1259 2534 1347 2608 etiam

239 2647 397 2744 coniugia
414 2646 462 2717 illi
481 2646 668 2719 auctoritati
696 2645 868 2732 subiecta,
890 2645 968 2719 licet
985 2673 1188 2746 perperam,
1217 2676 1349 2725 censue

238 2761 345 2834 runt?
470 2747 478 2761 ⁰

309 2877 426 2949 Dicam
454 2878 486 2948 l.
499 2876 646 2975 denique
670 2875 753 2948 illud
772 2877 882 2976 ipsum
902 2877 992 2976 quod
1011 2879 1245 2977 respondebat
1257 2880 1349 2955 ahu·

236 2993 409 3090 gusinus,
439 2990 686 3090 opponentibus
706 2990 770 3063 sibi
790 2991 953 3064 nonnulla
969 2992 1202 3091 antiquiorum
1224 3011 1348 3093 patrum

236 3109 355 3194 allata,
377 3134 464 3206 quae
482 3106 680 3207 pelagianae
702 3122 761 3179 aut
781 3107 1064 3207 semipelagianaa
1086 3107 1225 3183 haeresi
1248 3111 1349 3184 lavere

235 3223 457 3309 videbantur;
491 3249 611 3322 nempe
645 3221 713 3294 illis
744 3222 922 3295 haereticis
956 3222 1106 3296 nondum
1142 3223 1349 3322 litigantibus

237 3338 388 3413 securius
423 3337 528 3410 luisse
552 3336 681 3411 locutos
709 3340 797 3432 (ll).
819 3339 906 3410 Sane
932 3364 999 3437 quo
1024 3355 1178 3436 tempore
1203 3341 1349 3439 plerique

236 3453 401 3527 eiusmodi
429 3453 573 3550 theologi
605 3454 807 3540 floruerunt,
837 3453 985 3527 nondum
1011 3453 1225 3553 Spalatensis
1256 3472 1348 3555 atque

236 3568 374 3641 Launoii
394 3568 543 3641 theoriae
561 3567 693 3641 fuerant
706 3584 912 3666 compertue;
931 3567 1081 3640 nondum
1096 3568 1347 3665 pistoriensium

235 3699 488 3782 ceterorumque
513 3682 679 3756 eiusmodi
706 3681 869 3756 secularis
903 3682 1077 3782 potestatis
1104 3701 1347 3758 assentatorum

236 3798 401 3898 principia
427 3813 520 3871 erant
540 3813 674 3885 exorta3
700 3797 848 3871 nondum
876 3798 910 3869 in
937 3797 1061 3897 populo
1085 3798 1277 3873 christiano
1293 3825 1346 3872 seu

236 3913 400 3986 catholico
411 3940 538 3997 ¹nemen
552 3915 755 3986 matrimonii
771 3915 879 3986 civilis
897 3914 1005 3987 luerat
1021 3914 1195 4002 auditum;
1212 3933 1247 3988 et
1263 3913 1345 4014 quod

236 4042 336 4126 caput
352 4045 421 4115 est,
440 4028 588 4102 nondum
601 4047 671 4102 erat
684 4029 871 4127 excogitata
888 4056 975 4128 quae
993 4057 1081 4103 nunc
1099 4029 1202 4129 longe
1219 4031 1345 4130 lateque

237 4157 434 4239 pervagatur
459 4144 588 4217 theoria
605 4144 647 4217 de
666 4143 766 4242 plena
790 4146 1000 4244 separatione
1022 4145 1242 4248 perlectoque
1267 4146 1345 4219 inter

307 4295 357 4356 (tt)
373 4294 426 4345 sio.
438 4299 475 4346 De
485 4295 619 4360 praedest.
629 4299 714 4347 acuet.
727 4310 781 4360 cap.
790 4299 854 4347 xlv.
868 4311 892 4346 o.
904 4301 942 4347 27.
