<?xml version="1.0" encoding="UTF-8"?>
<!DOCTYPE html PUBLIC "-//W3C//DTD XHTML 1.0 Transitional//EN"
    "http://www.w3.org/TR/xhtml1/DTD/xhtml1-transitional.dtd">
<html xmlns="http://www.w3.org/1999/xhtml" xml:lang="en" lang="en">
 <head>
  <title>
</title>
<meta http-equiv="Content-Type" content="text/html;charset=utf-8" />
  <meta name='ocr-system' content='tesseract 3.04.00' />
  <meta name='ocr-capabilities' content='ocr_page ocr_carea ocr_par ocr_line ocrx_word'/>
</head>
<body>
  <div class='ocr_page' id='page_1' title='image "./dematrimoniochr02perrgoog_0324.png"; bbox 0 0 2804 5062; ppageno 0'>
   <div class='ocr_carea' id='block_1_1' title="bbox 111 384 1175 456">
    <p class='ocr_par' dir='ltr' id='par_1_1' title="bbox 111 384 1175 456">
     <span class='ocr_line' id='line_1_1' title="bbox 111 384 1175 456; baseline 0.003 -3"><span class='ocrx_word' id='word_1_1' title='bbox 111 397 591 454; x_wconf 78' lang='lat' dir='ltr'>cm.vu.ormrs.utr1o.cuu</span> <span class='ocrx_word' id='word_1_2' title='bbox 606 400 919 454; x_wconf 74' lang='lat' dir='ltr'>nnsovnomrsr.</span> <span class='ocrx_word' id='word_1_3' title='bbox 936 403 1007 455; x_wconf 80' lang='lat' dir='ltr'>mr.</span> <span class='ocrx_word' id='word_1_4' title='bbox 1021 403 1057 455; x_wconf 88' lang='lat' dir='ltr'>u.</span> <span class='ocrx_word' id='word_1_5' title='bbox 1106 384 1175 456; x_wconf 75' lang='lat' dir='ltr'>att</span> 
     </span>
    </p>
   </div>
   <div class='ocr_carea' id='block_1_2' title="bbox 64 517 1179 1199">
    <p class='ocr_par' dir='ltr' id='par_1_2' title="bbox 64 517 1178 1067">
     <span class='ocr_line' id='line_1_2' title="bbox 135 517 1178 621; baseline 0.006 -28"><span class='ocrx_word' id='word_1_6' title='bbox 135 520 240 619; x_wconf 80' lang='lat' dir='ltr'>Resp.</span> <span class='ocrx_word' id='word_1_7' title='bbox 261 517 547 621; x_wconf 83' lang='lat' dir='ltr'>Interpellandum</span> <span class='ocrx_word' id='word_1_8' title='bbox 565 545 642 595; x_wconf 85' lang='lat' dir='ltr'>esse</span> <span class='ocrx_word' id='word_1_9' title='bbox 659 521 834 619; x_wconf 83' lang='lat' dir='ltr'>coniugem</span> <span class='ocrx_word' id='word_1_10' title='bbox 852 519 1023 595; x_wconf 87' lang='lat' dir='ltr'>infidelem</span> <span class='ocrx_word' id='word_1_11' title='bbox 1041 547 1108 596; x_wconf 91' lang='lat' dir='ltr'>non</span> <span class='ocrx_word' id='word_1_12' title='bbox 1125 548 1178 599; x_wconf 83' lang='lat' dir='ltr'>so</span> 
     </span>
     <span class='ocr_line' id='line_1_3' title="bbox 66 634 1174 737; baseline 0.003 -29"><span class='ocrx_word' id='word_1_13' title='bbox 66 635 132 710; x_wconf 92' lang='lat' dir='ltr'>lum</span> <span class='ocrx_word' id='word_1_14' title='bbox 149 661 194 710; x_wconf 86' lang='lat' dir='ltr'>nn</span> <span class='ocrx_word' id='word_1_15' title='bbox 211 635 362 711; x_wconf 79' lang='lat' dir='ltr'>converti</span> <span class='ocrx_word' id='word_1_16' title='bbox 379 634 476 722; x_wconf 77' lang='lat' dir='ltr'>velit,</span> <span class='ocrx_word' id='word_1_17' title='bbox 497 635 558 710; x_wconf 90' lang='lat' dir='ltr'>sed</span> <span class='ocrx_word' id='word_1_18' title='bbox 575 636 676 710; x_wconf 93' lang='lat' dir='ltr'>etiam</span> <span class='ocrx_word' id='word_1_19' title='bbox 694 661 795 725; x_wconf 88' lang='lat' dir='ltr'>casu,</span> <span class='ocrx_word' id='word_1_20' title='bbox 816 662 884 737; x_wconf 92' lang='lat' dir='ltr'>quo</span> <span class='ocrx_word' id='word_1_21' title='bbox 900 636 984 711; x_wconf 90' lang='lat' dir='ltr'>nolit</span> <span class='ocrx_word' id='word_1_22' title='bbox 1005 639 1174 727; x_wconf 85' lang='lat' dir='ltr'>converti,</span> 
     </span>
     <span class='ocr_line' id='line_1_4' title="bbox 64 748 1178 848; baseline 0.003 -23"><span class='ocrx_word' id='word_1_23' title='bbox 64 777 104 825; x_wconf 81' lang='lat' dir='ltr'>an</span> <span class='ocrx_word' id='word_1_24' title='bbox 132 749 219 825; x_wconf 75' lang='lat' dir='ltr'>velit</span> <span class='ocrx_word' id='word_1_25' title='bbox 247 774 325 824; x_wconf 91' lang='lat' dir='ltr'>oum</span> <span class='ocrx_word' id='word_1_26' title='bbox 354 749 499 848; x_wconf 83' lang='lat' dir='ltr'>coniuge</span> <span class='ocrx_word' id='word_1_27' title='bbox 528 748 621 825; x_wconf 88' lang='lat' dir='ltr'>fideli</span> <span class='ocrx_word' id='word_1_28' title='bbox 651 750 847 825; x_wconf 76' lang='lat' dir='ltr'><strong>cohabitare</strong></span> <span class='ocrx_word' id='word_1_29' title='bbox 871 751 945 824; x_wconf 90' lang='lat' dir='ltr'>sine</span> <span class='ocrx_word' id='word_1_30' title='bbox 973 751 1178 828; x_wconf 85' lang='lat' dir='ltr'>contumelia</span> 
     </span>
     <span class='ocr_line' id='line_1_5' title="bbox 65 864 1172 967; baseline 0.002 -29"><span class='ocrx_word' id='word_1_31' title='bbox 65 865 233 941; x_wconf 78' lang='lat' dir='ltr'>Croawris</span> <span class='ocrx_word' id='word_1_32' title='bbox 255 864 348 939; x_wconf 88' lang='lat' dir='ltr'>iuxta</span> <span class='ocrx_word' id='word_1_33' title='bbox 364 864 622 966; x_wconf 76' lang='lat' dir='ltr'>dispositionem</span> <span class='ocrx_word' id='word_1_34' title='bbox 641 867 826 942; x_wconf 83' lang='lat' dir='ltr'>innocentii</span> <span class='ocrx_word' id='word_1_35' title='bbox 847 868 907 940; x_wconf 92' lang='lat'><em>111.</em></span> <span class='ocrx_word' id='word_1_36' title='bbox 929 893 1004 967; x_wconf 90' lang='lat' dir='ltr'>cap.</span> <span class='ocrx_word' id='word_1_37' title='bbox 1032 867 1172 955; x_wconf 81' lang='lat' dir='ltr'>Quanto.</span> 
     </span>
     <span class='ocr_line' id='line_1_6' title="bbox 64 980 1173 1067; baseline 0.002 -14"><span class='ocrx_word' id='word_1_38' title='bbox 64 980 108 1054; x_wconf 83' lang='lat' dir='ltr'>lle</span> <span class='ocrx_word' id='word_1_39' title='bbox 132 980 302 1054; x_wconf 68' lang='lat' dir='ltr'>decortitir.</span> <span class='ocrx_word' id='word_1_40' title='bbox 1169 1057 1173 1067; x_wconf 70' lang='grc'><strong>,</strong></span> 
     </span>
    </p>

    <p class='ocr_par' dir='ltr' id='par_1_3' title="bbox 131 1094 1179 1199">
     <span class='ocr_line' id='line_1_7' title="bbox 131 1094 1179 1199; baseline 0.001 -29"><span class='ocrx_word' id='word_1_41' title='bbox 131 1099 169 1170; x_wconf 75' lang='lat'>3.</span> <span class='ocrx_word' id='word_1_42' title='bbox 192 1095 310 1170; x_wconf 83' lang='lat' dir='ltr'><strong>Utrum</strong></span> <span class='ocrx_word' id='word_1_43' title='bbox 326 1094 488 1170; x_wconf 89' lang='lat' dir='ltr'>solemnis</span> <span class='ocrx_word' id='word_1_44' title='bbox 513 1098 629 1172; x_wconf 81' lang='lat' dir='ltr'>uxoris</span> <span class='ocrx_word' id='word_1_45' title='bbox 646 1098 799 1199; x_wconf 78' lang='lat' dir='ltr'>expulsio</span> <span class='ocrx_word' id='word_1_46' title='bbox 817 1124 838 1173; x_wconf 89' lang='lat' dir='ltr'>a</span> <span class='ocrx_word' id='word_1_47' title='bbox 858 1099 980 1173; x_wconf 90' lang='lat' dir='ltr'>marito</span> <span class='ocrx_word' id='word_1_48' title='bbox 1001 1098 1106 1186; x_wconf 85' lang='lat' dir='ltr'>lacta,</span> <span class='ocrx_word' id='word_1_49' title='bbox 1130 1100 1179 1172; x_wconf 85' lang='lat' dir='ltr'>vi-</span> 
     </span>
    </p>
   </div>
   <div class='ocr_carea' id='block_1_3' title="bbox 61 1208 1182 4429">
    <p class='ocr_par' dir='ltr' id='par_1_4' title="bbox 61 1208 1180 2115">
     <span class='ocr_line' id='line_1_8' title="bbox 63 1208 1178 1314; baseline 0.004 -30"><span class='ocrx_word' id='word_1_50' title='bbox 63 1209 184 1285; x_wconf 85' lang='lat' dir='ltr'>delieet</span> <span class='ocrx_word' id='word_1_51' title='bbox 198 1208 312 1285; x_wconf 89' lang='lat' dir='ltr'>dando</span> <span class='ocrx_word' id='word_1_52' title='bbox 329 1208 480 1284; x_wconf 89' lang='lat' dir='ltr'>libellum</span> <span class='ocrx_word' id='word_1_53' title='bbox 497 1212 632 1311; x_wconf 89' lang='lat' dir='ltr'>repudii</span> <span class='ocrx_word' id='word_1_54' title='bbox 646 1237 758 1286; x_wconf 92' lang='lat' dir='ltr'>coram</span> <span class='ocrx_word' id='word_1_55' title='bbox 773 1213 850 1314; x_wconf 77' lang='lat' dir='ltr'>pagi</span> <span class='ocrx_word' id='word_1_56' title='bbox 864 1213 1071 1314; x_wconf 85' lang='lat' dir='ltr'>primoribus</span> <span class='ocrx_word' id='word_1_57' title='bbox 1085 1214 1178 1288; x_wconf 83' lang='lat' dir='ltr'>iuxta</span> 
     </span>
     <span class='ocr_line' id='line_1_9' title="bbox 63 1323 1178 1429; baseline 0.003 -29"><span class='ocrx_word' id='word_1_58' title='bbox 63 1323 152 1423; x_wconf 78' lang='lat' dir='ltr'>leges</span> <span class='ocrx_word' id='word_1_59' title='bbox 178 1325 292 1423; x_wconf 77' lang='lat' dir='ltr'>regni,</span> <span class='ocrx_word' id='word_1_60' title='bbox 320 1326 429 1427; x_wconf 88' lang='lat' dir='ltr'>possit</span> <span class='ocrx_word' id='word_1_61' title='bbox 452 1324 732 1426; x_wconf 81' lang='lat' dir='ltr'>interpellationis</span> <span class='ocrx_word' id='word_1_62' title='bbox 756 1328 868 1403; x_wconf 92' lang='lat' dir='ltr'>locum</span> <span class='ocrx_word' id='word_1_63' title='bbox 893 1343 1022 1418; x_wconf 90' lang='lat' dir='ltr'>tenere,</span> <span class='ocrx_word' id='word_1_64' title='bbox 1054 1345 1088 1403; x_wconf 89' lang='lat' dir='ltr'>et</span> <span class='ocrx_word' id='word_1_65' title='bbox 1117 1355 1178 1429; x_wconf 94' lang='lat' dir='ltr'>pro</span> 
     </span>
     <span class='ocr_line' id='line_1_10' title="bbox 61 1433 1180 1540; baseline 0.003 -25"><span class='ocrx_word' id='word_1_66' title='bbox 61 1464 100 1515; x_wconf 82' lang='lat' dir='ltr'>ca</span> <span class='ocrx_word' id='word_1_67' title='bbox 123 1440 296 1540; x_wconf 74' lang='lat' dir='ltr'>nepotari,</span> <span class='ocrx_word' id='word_1_68' title='bbox 324 1462 402 1514; x_wconf 89' lang='lat' dir='ltr'>cum</span> <span class='ocrx_word' id='word_1_69' title='bbox 427 1433 615 1516; x_wconf 78' lang='lat' dir='ltr'>certissime</span> <span class='ocrx_word' id='word_1_70' title='bbox 639 1458 772 1517; x_wconf 90' lang='lat' dir='ltr'>constet</span> <span class='ocrx_word' id='word_1_71' title='bbox 794 1442 838 1516; x_wconf 92' lang='lat' dir='ltr'>de</span> <span class='ocrx_word' id='word_1_72' title='bbox 863 1443 963 1518; x_wconf 88' lang='lat' dir='ltr'>istius</span> <span class='ocrx_word' id='word_1_73' title='bbox 988 1443 1099 1517; x_wconf 89' lang='lat' dir='ltr'>mariti</span> <span class='ocrx_word' id='word_1_74' title='bbox 1121 1469 1180 1518; x_wconf 82' lang='lat' dir='ltr'>vo-</span> 
     </span>
     <span class='ocr_line' id='line_1_11' title="bbox 62 1552 1178 1656; baseline 0.006 -30"><span class='ocrx_word' id='word_1_75' title='bbox 62 1552 207 1642; x_wconf 87' lang='lat' dir='ltr'>luntate,</span> <span class='ocrx_word' id='word_1_76' title='bbox 235 1552 332 1628; x_wconf 90' lang='lat' dir='ltr'>illum</span> <span class='ocrx_word' id='word_1_77' title='bbox 349 1580 479 1656; x_wconf 85' lang='lat' dir='ltr'>nempe</span> <span class='ocrx_word' id='word_1_78' title='bbox 504 1557 689 1656; x_wconf 85' lang='lat' dir='ltr'>praelatam</span> <span class='ocrx_word' id='word_1_79' title='bbox 715 1552 890 1633; x_wconf 89' lang='lat' dir='ltr'>mulierem</span> <span class='ocrx_word' id='word_1_80' title='bbox 907 1558 1118 1634; x_wconf 90' lang='lat' dir='ltr'>nullomodo</span> <span class='ocrx_word' id='word_1_81' title='bbox 1143 1559 1178 1633; x_wconf 89' lang='lat' dir='ltr'>iu</span> 
     </span>
     <span class='ocr_line' id='line_1_12' title="bbox 62 1668 1178 1772; baseline 0.001 -29"><span class='ocrx_word' id='word_1_82' title='bbox 62 1684 235 1768; x_wconf 87' lang='lat' dir='ltr'>posterum</span> <span class='ocrx_word' id='word_1_83' title='bbox 259 1693 398 1745; x_wconf 85' lang='lat' dir='ltr'>uxorem</span> <span class='ocrx_word' id='word_1_84' title='bbox 420 1668 509 1743; x_wconf 75' lang='lat' dir='ltr'>velle</span> <span class='ocrx_word' id='word_1_85' title='bbox 532 1669 682 1745; x_wconf 75' lang='lat' dir='ltr'>habere?</span> <span class='ocrx_word' id='word_1_86' title='bbox 698 1671 750 1744; x_wconf 79' lang='lat' dir='ltr'>An</span> <span class='ocrx_word' id='word_1_87' title='bbox 775 1672 907 1772; x_wconf 83' lang='lat' dir='ltr'>potius,</span> <span class='ocrx_word' id='word_1_88' title='bbox 935 1672 1029 1746; x_wconf 92' lang='lat' dir='ltr'>nulla</span> <span class='ocrx_word' id='word_1_89' title='bbox 1046 1670 1178 1772; x_wconf 83' lang='lat' dir='ltr'>repudii</span> 
     </span>
     <span class='ocr_line' id='line_1_13' title="bbox 63 1781 1180 1888; baseline 0.003 -31"><span class='ocrx_word' id='word_1_90' title='bbox 63 1781 180 1858; x_wconf 84' lang='lat' dir='ltr'>habita</span> <span class='ocrx_word' id='word_1_91' title='bbox 202 1782 353 1872; x_wconf 84' lang='lat' dir='ltr'>ratione,</span> <span class='ocrx_word' id='word_1_92' title='bbox 381 1783 418 1856; x_wconf 90' lang='lat' dir='ltr'>io</span> <span class='ocrx_word' id='word_1_93' title='bbox 442 1783 488 1858; x_wconf 85' lang='lat' dir='ltr'>iis</span> <span class='ocrx_word' id='word_1_94' title='bbox 504 1784 606 1858; x_wconf 90' lang='lat' dir='ltr'>etiam</span> <span class='ocrx_word' id='word_1_95' title='bbox 623 1785 889 1862; x_wconf 80' lang='lat' dir='ltr'>circumstantiis</span> <span class='ocrx_word' id='word_1_96' title='bbox 906 1786 1030 1888; x_wconf 85' lang='lat' dir='ltr'>duplex</span> <span class='ocrx_word' id='word_1_97' title='bbox 1048 1787 1084 1858; x_wconf 91' lang='lat' dir='ltr'>io</span> <span class='ocrx_word' id='word_1_98' title='bbox 1105 1787 1180 1860; x_wconf 91' lang='lat' dir='ltr'>iure</span> 
     </span>
     <span class='ocr_line' id='line_1_14' title="bbox 63 1895 1179 2002; baseline 0.001 -29"><span class='ocrx_word' id='word_1_99' title='bbox 63 1898 272 2000; x_wconf 83' lang='lat' dir='ltr'>praescripta</span> <span class='ocrx_word' id='word_1_100' title='bbox 300 1896 346 1972; x_wconf 88' lang='lat' dir='ltr'>ad</span> <span class='ocrx_word' id='word_1_101' title='bbox 378 1895 585 1974; x_wconf 79' lang='lat' dir='ltr'>validitatem</span> <span class='ocrx_word' id='word_1_102' title='bbox 618 1900 825 1975; x_wconf 87' lang='lat' dir='ltr'>matrimonii</span> <span class='ocrx_word' id='word_1_103' title='bbox 855 1900 1047 2002; x_wconf 89' lang='lat' dir='ltr'>requiratur</span> <span class='ocrx_word' id='word_1_104' title='bbox 1076 1899 1179 1974; x_wconf 88' lang='lat' dir='ltr'>inter·</span> 
     </span>
     <span class='ocr_line' id='line_1_15' title="bbox 63 2011 225 2115; baseline -0.025 -26"><span class='ocrx_word' id='word_1_105' title='bbox 63 2011 225 2115; x_wconf 72' lang='lat' dir='ltr'>pallatio?</span> 
     </span>
    </p>

    <p class='ocr_par' dir='ltr' id='par_1_5' title="bbox 63 2128 1178 2463">
     <span class='ocr_line' id='line_1_16' title="bbox 133 2128 1177 2231; baseline 0.003 -28"><span class='ocrx_word' id='word_1_106' title='bbox 133 2128 238 2229; x_wconf 82' lang='lat' dir='ltr'>llesp.</span> <span class='ocrx_word' id='word_1_107' title='bbox 267 2128 469 2204; x_wconf 78' lang='lat' dir='ltr'>Faciendum</span> <span class='ocrx_word' id='word_1_108' title='bbox 485 2154 562 2206; x_wconf 83' lang='lat' dir='ltr'>esse</span> <span class='ocrx_word' id='word_1_109' title='bbox 579 2130 902 2231; x_wconf 88' lang='lat' dir='ltr'>interpellationem,</span> <span class='ocrx_word' id='word_1_110' title='bbox 923 2131 1024 2205; x_wconf 87' lang='lat' dir='ltr'>etiam</span> <span class='ocrx_word' id='word_1_111' title='bbox 1042 2132 1076 2217; x_wconf 84' lang='lat' dir='ltr'>in</span> <span class='ocrx_word' id='word_1_112' title='bbox 1094 2154 1177 2206; x_wconf 82' lang='lat' dir='ltr'>caso</span> 
     </span>
     <span class='ocr_line' id='line_1_17' title="bbox 64 2244 1178 2348; baseline -0.002 -27"><span class='ocrx_word' id='word_1_113' title='bbox 64 2245 106 2321; x_wconf 87' lang='lat' dir='ltr'>de</span> <span class='ocrx_word' id='word_1_114' title='bbox 129 2270 202 2347; x_wconf 87' lang='lat' dir='ltr'>quo</span> <span class='ocrx_word' id='word_1_115' title='bbox 224 2245 353 2344; x_wconf 78' lang='lat' dir='ltr'>agitur,</span> <span class='ocrx_word' id='word_1_116' title='bbox 382 2247 413 2321; x_wconf 88' lang='lat' dir='ltr'>si</span> <span class='ocrx_word' id='word_1_117' title='bbox 440 2246 513 2321; x_wconf 89' lang='lat' dir='ltr'>lieri</span> <span class='ocrx_word' id='word_1_118' title='bbox 538 2262 667 2348; x_wconf 85' lang='lat' dir='ltr'>potest:</span> <span class='ocrx_word' id='word_1_119' title='bbox 685 2263 744 2323; x_wconf 87' lang='lat' dir='ltr'>aut</span> <span class='ocrx_word' id='word_1_120' title='bbox 768 2246 1007 2322; x_wconf 88' lang='lat' dir='ltr'>recurrendum</span> <span class='ocrx_word' id='word_1_121' title='bbox 1033 2272 1110 2323; x_wconf 83' lang='lat' dir='ltr'>esse</span> <span class='ocrx_word' id='word_1_122' title='bbox 1133 2244 1178 2320; x_wconf 86' lang='lat' dir='ltr'>ad</span> 
     </span>
     <span class='ocr_line' id='line_1_18' title="bbox 63 2359 1013 2463; baseline -0.004 -25"><span class='ocrx_word' id='word_1_123' title='bbox 63 2361 180 2438; x_wconf 69' lang='lat' dir='ltr'>sedan</span> <span class='ocrx_word' id='word_1_124' title='bbox 204 2359 426 2462; x_wconf 83' lang='lat' dir='ltr'>apostolicam</span> <span class='ocrx_word' id='word_1_125' title='bbox 451 2388 514 2463; x_wconf 88' lang='lat' dir='ltr'>pro</span> <span class='ocrx_word' id='word_1_126' title='bbox 538 2362 721 2437; x_wconf 85' lang='lat' dir='ltr'>obtinenda</span> <span class='ocrx_word' id='word_1_127' title='bbox 745 2361 1013 2463; x_wconf 88' lang='lat' dir='ltr'>dispensatione.</span> 
     </span>
    </p>

    <p class='ocr_par' dir='ltr' id='par_1_6' title="bbox 63 2477 1181 3734">
     <span class='ocr_line' id='line_1_19' title="bbox 135 2477 1179 2575; baseline 0.001 -25"><span class='ocrx_word' id='word_1_128' title='bbox 135 2479 170 2550; x_wconf 86' lang='lat' dir='ltr'>l.</span> <span class='ocrx_word' id='word_1_129' title='bbox 200 2477 377 2564; x_wconf 83' lang='lat' dir='ltr'>Quomodo</span> <span class='ocrx_word' id='word_1_130' title='bbox 402 2502 441 2553; x_wconf 90' lang='lat' dir='ltr'>se</span> <span class='ocrx_word' id='word_1_131' title='bbox 464 2502 579 2575; x_wconf 77' lang='lat' dir='ltr'>gerere</span> <span class='ocrx_word' id='word_1_132' title='bbox 604 2478 726 2553; x_wconf 87' lang='lat' dir='ltr'>debeat</span> <span class='ocrx_word' id='word_1_133' title='bbox 750 2480 988 2554; x_wconf 87' lang='lat' dir='ltr'>missionarius</span> <span class='ocrx_word' id='word_1_134' title='bbox 1006 2503 1087 2575; x_wconf 81' lang='lat' dir='ltr'>ergo</span> <span class='ocrx_word' id='word_1_135' title='bbox 1107 2502 1179 2551; x_wconf 88' lang='lat' dir='ltr'>mu-</span> 
     </span>
     <span class='ocr_line' id='line_1_20' title="bbox 63 2590 1181 2694; baseline 0.001 -27"><span class='ocrx_word' id='word_1_136' title='bbox 63 2590 186 2669; x_wconf 88' lang='lat' dir='ltr'>lierem</span> <span class='ocrx_word' id='word_1_137' title='bbox 205 2592 397 2682; x_wconf 83' lang='lat' dir='ltr'>infidelem,</span> <span class='ocrx_word' id='word_1_138' title='bbox 426 2592 556 2694; x_wconf 88' lang='lat' dir='ltr'>absque</span> <span class='ocrx_word' id='word_1_139' title='bbox 581 2593 652 2669; x_wconf 90' lang='lat' dir='ltr'>ulla</span> <span class='ocrx_word' id='word_1_140' title='bbox 676 2594 833 2670; x_wconf 87' lang='lat' dir='ltr'>adulterii</span> <span class='ocrx_word' id='word_1_141' title='bbox 858 2591 999 2669; x_wconf 83' lang='lat' dir='ltr'>causan</span> <span class='ocrx_word' id='word_1_142' title='bbox 1018 2620 1082 2669; x_wconf 85' lang='lat' dir='ltr'>suo</span> <span class='ocrx_word' id='word_1_143' title='bbox 1107 2619 1181 2669; x_wconf 91' lang='lat' dir='ltr'>ma·</span> 
     </span>
     <span class='ocr_line' id='line_1_21' title="bbox 63 2708 1179 2812; baseline 0.002 -29"><span class='ocrx_word' id='word_1_144' title='bbox 63 2711 126 2786; x_wconf 90' lang='lat' dir='ltr'>rito</span> <span class='ocrx_word' id='word_1_145' title='bbox 150 2708 255 2783; x_wconf 81' lang='lat' dir='ltr'>etiam</span> <span class='ocrx_word' id='word_1_146' title='bbox 280 2709 410 2783; x_wconf 85' lang='lat' dir='ltr'>infideli</span> <span class='ocrx_word' id='word_1_147' title='bbox 436 2710 664 2810; x_wconf 87' lang='lat' dir='ltr'>repudiatam,</span> <span class='ocrx_word' id='word_1_148' title='bbox 692 2712 752 2812; x_wconf 90' lang='lat' dir='ltr'>qui</span> <span class='ocrx_word' id='word_1_149' title='bbox 770 2710 871 2786; x_wconf 91' lang='lat' dir='ltr'>aliam</span> <span class='ocrx_word' id='word_1_150' title='bbox 889 2711 1001 2800; x_wconf 85' lang='lat' dir='ltr'>duxit,</span> <span class='ocrx_word' id='word_1_151' title='bbox 1021 2737 1099 2785; x_wconf 86' lang='lat' dir='ltr'>cum</span> <span class='ocrx_word' id='word_1_152' title='bbox 1120 2711 1179 2785; x_wconf 86' lang='lat' dir='ltr'>illa</span> 
     </span>
     <span class='ocr_line' id='line_1_22' title="bbox 64 2823 1180 2928; baseline 0.001 -28"><span class='ocrx_word' id='word_1_153' title='bbox 64 2824 215 2926; x_wconf 83' lang='lat' dir='ltr'>postulat</span> <span class='ocrx_word' id='word_1_154' title='bbox 238 2823 423 2925; x_wconf 86' lang='lat' dir='ltr'>baptizari,</span> <span class='ocrx_word' id='word_1_155' title='bbox 452 2842 485 2901; x_wconf 91' lang='lat' dir='ltr'>et</span> <span class='ocrx_word' id='word_1_156' title='bbox 509 2841 562 2900; x_wconf 88' lang='lat' dir='ltr'>cst</span> <span class='ocrx_word' id='word_1_157' title='bbox 586 2827 752 2927; x_wconf 87' lang='lat' dir='ltr'>suspicio,</span> <span class='ocrx_word' id='word_1_158' title='bbox 781 2852 825 2901; x_wconf 89' lang='lat' dir='ltr'>an</span> <span class='ocrx_word' id='word_1_159' title='bbox 851 2827 896 2901; x_wconf 91' lang='lat' dir='ltr'>sit</span> <span class='ocrx_word' id='word_1_160' title='bbox 920 2827 1034 2901; x_wconf 86' lang='lat' dir='ltr'>animo</span> <span class='ocrx_word' id='word_1_161' title='bbox 1063 2843 1180 2928; x_wconf 86' lang='lat' dir='ltr'>parata</span> 
     </span>
     <span class='ocr_line' id='line_1_23' title="bbox 63 2940 1180 3044; baseline 0.001 -28"><span class='ocrx_word' id='word_1_162' title='bbox 63 2940 105 3017; x_wconf 87' lang='lat' dir='ltr'>ad</span> <span class='ocrx_word' id='word_1_163' title='bbox 132 2940 368 3015; x_wconf 77' lang='lat' dir='ltr'>mvertendum</span> <span class='ocrx_word' id='word_1_164' title='bbox 393 2941 437 3015; x_wconf 89' lang='lat' dir='ltr'>ad</span> <span class='ocrx_word' id='word_1_165' title='bbox 462 2967 563 3016; x_wconf 90' lang='lat' dir='ltr'>suum</span> <span class='ocrx_word' id='word_1_166' title='bbox 588 2943 762 3030; x_wconf 89' lang='lat' dir='ltr'>maritum,</span> <span class='ocrx_word' id='word_1_167' title='bbox 790 2944 820 3016; x_wconf 89' lang='lat' dir='ltr'>si</span> <span class='ocrx_word' id='word_1_168' title='bbox 847 2944 930 3017; x_wconf 85' lang='lat' dir='ltr'>sorte</span> <span class='ocrx_word' id='word_1_169' title='bbox 954 2959 1071 3044; x_wconf 87' lang='lat' dir='ltr'>postea</span> <span class='ocrx_word' id='word_1_170' title='bbox 1089 2968 1180 3017; x_wconf 85' lang='lat' dir='ltr'>revo-</span> 
     </span>
     <span class='ocr_line' id='line_1_24' title="bbox 63 3054 1180 3144; baseline -0.004 -13"><span class='ocrx_word' id='word_1_171' title='bbox 63 3072 131 3144; x_wconf 84' lang='lat' dir='ltr'>cet,</span> <span class='ocrx_word' id='word_1_172' title='bbox 151 3071 186 3130; x_wconf 90' lang='lat' dir='ltr'>et</span> <span class='ocrx_word' id='word_1_173' title='bbox 203 3055 279 3130; x_wconf 90' lang='lat' dir='ltr'>sine</span> <span class='ocrx_word' id='word_1_174' title='bbox 307 3054 510 3129; x_wconf 88' lang='lat' dir='ltr'>contumelia</span> <span class='ocrx_word' id='word_1_175' title='bbox 540 3054 706 3131; x_wconf 83' lang='lat' dir='ltr'>Creatoris</span> <span class='ocrx_word' id='word_1_176' title='bbox 735 3055 930 3131; x_wconf 79' lang='lat' dir='ltr'>cohabitare</span> <span class='ocrx_word' id='word_1_177' title='bbox 959 3054 1180 3130; x_wconf 73' lang='lat' dir='ltr'>consentiat?</span> 
     </span>
     <span class='ocr_line' id='line_1_25' title="bbox 63 3170 1180 3272; baseline -0.003 -25"><span class='ocrx_word' id='word_1_178' title='bbox 63 3171 213 3247; x_wconf 72' lang='lat' dir='ltr'>debetne</span> <span class='ocrx_word' id='word_1_179' title='bbox 238 3171 330 3246; x_wconf 87' lang='lat' dir='ltr'>illam</span> <span class='ocrx_word' id='word_1_180' title='bbox 347 3170 391 3245; x_wconf 88' lang='lat' dir='ltr'>de</span> <span class='ocrx_word' id='word_1_181' title='bbox 407 3171 472 3245; x_wconf 88' lang='lat' dir='ltr'>hac</span> <span class='ocrx_word' id='word_1_182' title='bbox 497 3197 533 3244; x_wconf 93' lang='lat' dir='ltr'>re</span> <span class='ocrx_word' id='word_1_183' title='bbox 557 3173 652 3272; x_wconf 91' lang='lat' dir='ltr'>prius</span> <span class='ocrx_word' id='word_1_184' title='bbox 678 3172 901 3271; x_wconf 82' lang='lat' dir='ltr'>interrogare,</span> <span class='ocrx_word' id='word_1_185' title='bbox 927 3186 1028 3271; x_wconf 89' lang='lat' dir='ltr'>atque</span> <span class='ocrx_word' id='word_1_186' title='bbox 1054 3170 1180 3244; x_wconf 81' lang='lat' dir='ltr'>interea</span> 
     </span>
     <span class='ocr_line' id='line_1_26' title="bbox 65 3286 1180 3390; baseline -0.004 -27"><span class='ocrx_word' id='word_1_187' title='bbox 65 3286 274 3390; x_wconf 86' lang='lat' dir='ltr'>baptismum</span> <span class='ocrx_word' id='word_1_188' title='bbox 290 3286 444 3375; x_wconf 79' lang='lat' dir='ltr'>differre,</span> <span class='ocrx_word' id='word_1_189' title='bbox 464 3287 572 3362; x_wconf 88' lang='lat' dir='ltr'>donee</span> <span class='ocrx_word' id='word_1_190' title='bbox 588 3288 710 3362; x_wconf 85' lang='lat' dir='ltr'>melius</span> <span class='ocrx_word' id='word_1_191' title='bbox 727 3288 772 3362; x_wconf 87' lang='lat' dir='ltr'>sit</span> <span class='ocrx_word' id='word_1_192' title='bbox 789 3287 970 3387; x_wconf 86' lang='lat' dir='ltr'>disposita,</span> <span class='ocrx_word' id='word_1_193' title='bbox 985 3286 1086 3360; x_wconf 90' lang='lat' dir='ltr'>etiam</span> <span class='ocrx_word' id='word_1_194' title='bbox 1103 3311 1180 3359; x_wconf 90' lang='lat' dir='ltr'>cum</span> 
     </span>
     <span class='ocr_line' id='line_1_27' title="bbox 65 3400 1180 3504; baseline -0.003 -28"><span class='ocrx_word' id='word_1_195' title='bbox 65 3401 220 3504; x_wconf 86' lang='lat' dir='ltr'>periculo</span> <span class='ocrx_word' id='word_1_196' title='bbox 243 3401 411 3479; x_wconf 90' lang='lat' dir='ltr'>moriendi</span> <span class='ocrx_word' id='word_1_197' title='bbox 427 3401 560 3503; x_wconf 86' lang='lat' dir='ltr'>absque</span> <span class='ocrx_word' id='word_1_198' title='bbox 576 3400 800 3503; x_wconf 71' lang='lat' dir='ltr'>baptismate?</span> <span class='ocrx_word' id='word_1_199' title='bbox 817 3401 906 3489; x_wconf 81' lang='lat' dir='ltr'>Quid</span> <span class='ocrx_word' id='word_1_200' title='bbox 924 3417 1035 3475; x_wconf 91' lang='lat' dir='ltr'>autem</span> <span class='ocrx_word' id='word_1_201' title='bbox 1053 3401 1083 3475; x_wconf 90' lang='lat' dir='ltr'>si</span> <span class='ocrx_word' id='word_1_202' title='bbox 1105 3426 1180 3477; x_wconf 91' lang='lat' dir='ltr'>con·</span> 
     </span>
     <span class='ocr_line' id='line_1_28' title="bbox 64 3516 1180 3618; baseline -0.004 -25"><span class='ocrx_word' id='word_1_203' title='bbox 64 3519 212 3613; x_wconf 83' lang='lat' dir='ltr'>sentiat,</span> <span class='ocrx_word' id='word_1_204' title='bbox 240 3518 302 3592; x_wconf 87' lang='lat' dir='ltr'>sed</span> <span class='ocrx_word' id='word_1_205' title='bbox 326 3518 501 3592; x_wconf 86' lang='lat' dir='ltr'>dumtaxat</span> <span class='ocrx_word' id='word_1_206' title='bbox 528 3543 605 3593; x_wconf 90' lang='lat' dir='ltr'>cum</span> <span class='ocrx_word' id='word_1_207' title='bbox 630 3517 695 3592; x_wconf 91' lang='lat' dir='ltr'>hac</span> <span class='ocrx_word' id='word_1_208' title='bbox 723 3518 934 3605; x_wconf 91' lang='lat' dir='ltr'>conditione,</span> <span class='ocrx_word' id='word_1_209' title='bbox 965 3516 1109 3618; x_wconf 89' lang='lat' dir='ltr'>quando</span> <span class='ocrx_word' id='word_1_210' title='bbox 1127 3518 1180 3591; x_wconf 90' lang='lat' dir='ltr'>ni-</span> 
     </span>
     <span class='ocr_line' id='line_1_29' title="bbox 65 3632 722 3734; baseline -0.005 -25"><span class='ocrx_word' id='word_1_211' title='bbox 65 3635 192 3709; x_wconf 89' lang='lat' dir='ltr'>mirum</span> <span class='ocrx_word' id='word_1_212' title='bbox 218 3632 362 3734; x_wconf 81' lang='lat' dir='ltr'>expulsa</span> <span class='ocrx_word' id='word_1_213' title='bbox 386 3634 486 3709; x_wconf 85' lang='lat' dir='ltr'>luerit</span> <span class='ocrx_word' id='word_1_214' title='bbox 509 3632 722 3709; x_wconf 76' lang='lat' dir='ltr'>concubina?</span> 
     </span>
    </p>

    <p class='ocr_par' dir='ltr' id='par_1_7' title="bbox 63 3748 1182 4057">
     <span class='ocr_line' id='line_1_30' title="bbox 137 3748 1181 3849; baseline -0.002 -25"><span class='ocrx_word' id='word_1_215' title='bbox 137 3750 243 3849; x_wconf 83' lang='lat' dir='ltr'>llesp.</span> <span class='ocrx_word' id='word_1_216' title='bbox 272 3748 365 3821; x_wconf 87' lang='lat' dir='ltr'>Nihil</span> <span class='ocrx_word' id='word_1_217' title='bbox 383 3748 517 3824; x_wconf 80' lang='lat' dir='ltr'>obstate</span> <span class='ocrx_word' id='word_1_218' title='bbox 533 3749 714 3848; x_wconf 91' lang='lat' dir='ltr'>quominus</span> <span class='ocrx_word' id='word_1_219' title='bbox 732 3749 880 3839; x_wconf 91' lang='lat' dir='ltr'>mulieri,</span> <span class='ocrx_word' id='word_1_220' title='bbox 900 3749 945 3824; x_wconf 91' lang='lat' dir='ltr'>de</span> <span class='ocrx_word' id='word_1_221' title='bbox 960 3774 1030 3849; x_wconf 90' lang='lat' dir='ltr'>qua</span> <span class='ocrx_word' id='word_1_222' title='bbox 1046 3749 1081 3820; x_wconf 92' lang='lat' dir='ltr'>in</span> <span class='ocrx_word' id='word_1_223' title='bbox 1099 3774 1181 3837; x_wconf 83' lang='lat' dir='ltr'>casu</span> 
     </span>
     <span class='ocr_line' id='line_1_31' title="bbox 63 3862 1182 3963; baseline -0.001 -25"><span class='ocrx_word' id='word_1_224' title='bbox 63 3863 166 3942; x_wconf 89' lang='lat' dir='ltr'>modo</span> <span class='ocrx_word' id='word_1_225' title='bbox 192 3862 331 3939; x_wconf 88' lang='lat' dir='ltr'>aliunde</span> <span class='ocrx_word' id='word_1_226' title='bbox 356 3863 402 3938; x_wconf 87' lang='lat' dir='ltr'>sit</span> <span class='ocrx_word' id='word_1_227' title='bbox 428 3863 636 3938; x_wconf 82' lang='lat' dir='ltr'>sufficienter</span> <span class='ocrx_word' id='word_1_228' title='bbox 662 3865 841 3954; x_wconf 90' lang='lat' dir='ltr'>instructa,</span> <span class='ocrx_word' id='word_1_229' title='bbox 869 3864 1039 3963; x_wconf 90' lang='lat' dir='ltr'>baptisma</span> <span class='ocrx_word' id='word_1_230' title='bbox 1068 3862 1182 3937; x_wconf 87' lang='lat' dir='ltr'>conle-</span> 
     </span>
     <span class='ocr_line' id='line_1_32' title="bbox 63 3997 170 4057; baseline -0.028 1"><span class='ocrx_word' id='word_1_231' title='bbox 63 3997 170 4057; x_wconf 86' lang='lat' dir='ltr'>ratur.</span> 
     </span>
    </p>

    <p class='ocr_par' dir='ltr' id='par_1_8' title="bbox 64 4084 1182 4429">
     <span class='ocr_line' id='line_1_33' title="bbox 138 4084 1181 4196; baseline -0.001 -26"><span class='ocrx_word' id='word_1_232' title='bbox 138 4098 174 4169; x_wconf 76' lang='lat' dir='ltr'>li.</span> <span class='ocrx_word' id='word_1_233' title='bbox 204 4094 290 4170; x_wconf 83' lang='lat' dir='ltr'>Cum</span> <span class='ocrx_word' id='word_1_234' title='bbox 315 4092 518 4169; x_wconf 84' lang='lat' dir='ltr'>adulterium</span> <span class='ocrx_word' id='word_1_235' title='bbox 538 4121 676 4170; x_wconf 90' lang='lat' dir='ltr'>causam</span> <span class='ocrx_word' id='word_1_236' title='bbox 696 4084 854 4196; x_wconf 85' lang='lat' dir='ltr'>praebeat</span> <span class='ocrx_word' id='word_1_237' title='bbox 878 4094 1077 4194; x_wconf 82' lang='lat' dir='ltr'>coniugibus</span> <span class='ocrx_word' id='word_1_238' title='bbox 1101 4095 1181 4195; x_wconf 83' lang='lat' dir='ltr'>inli-</span> 
     </span>
     <span class='ocr_line' id='line_1_34' title="bbox 65 4196 1182 4315; baseline 0.003 -28"><span class='ocrx_word' id='word_1_239' title='bbox 65 4208 225 4300; x_wconf 83' lang='lat' dir='ltr'>delibus,</span> <span class='ocrx_word' id='word_1_240' title='bbox 254 4211 342 4287; x_wconf 84' lang='lat' dir='ltr'>sieut</span> <span class='ocrx_word' id='word_1_241' title='bbox 368 4226 402 4286; x_wconf 91' lang='lat' dir='ltr'>ct</span> <span class='ocrx_word' id='word_1_242' title='bbox 424 4210 640 4300; x_wconf 90' lang='lat' dir='ltr'>christianis,</span> <span class='ocrx_word' id='word_1_243' title='bbox 667 4212 849 4289; x_wconf 82' lang='lat' dir='ltr'>divortium</span> <span class='ocrx_word' id='word_1_244' title='bbox 873 4196 1072 4315; x_wconf 87' lang='lat' dir='ltr'>perpetuum</span> <span class='ocrx_word' id='word_1_245' title='bbox 1094 4207 1182 4290; x_wconf 81' lang='lat' dir='ltr'>cele.-</span> 
     </span>
     <span class='ocr_line' id='line_1_35' title="bbox 64 4327 1180 4429; baseline 0.001 -27"><span class='ocrx_word' id='word_1_246' title='bbox 64 4327 212 4420; x_wconf 86' lang='lat' dir='ltr'>brandi,</span> <span class='ocrx_word' id='word_1_247' title='bbox 233 4328 281 4405; x_wconf 86' lang='lat' dir='ltr'>ita</span> <span class='ocrx_word' id='word_1_248' title='bbox 297 4345 335 4405; x_wconf 93' lang='lat' dir='ltr'>ut</span> <span class='ocrx_word' id='word_1_249' title='bbox 351 4329 437 4429; x_wconf 85' lang='lat' dir='ltr'>parti</span> <span class='ocrx_word' id='word_1_250' title='bbox 464 4330 633 4406; x_wconf 89' lang='lat' dir='ltr'>innocenti</span> <span class='ocrx_word' id='word_1_251' title='bbox 657 4329 794 4405; x_wconf 91' lang='lat' dir='ltr'>omnino</span> <span class='ocrx_word' id='word_1_252' title='bbox 817 4331 863 4405; x_wconf 87' lang='lat' dir='ltr'>sit</span> <span class='ocrx_word' id='word_1_253' title='bbox 885 4331 1077 4428; x_wconf 76' lang='lat' dir='ltr'>integrum,</span> <span class='ocrx_word' id='word_1_254' title='bbox 1103 4352 1180 4404; x_wconf 90' lang='lat' dir='ltr'>cum</span> 
     </span>
    </p>
   </div>
   <div class='ocr_carea' id='block_1_4' title="bbox 0 0 1406 5062">
    <p class='ocr_par' dir='ltr' id='par_1_9' title="bbox 0 0 1406 5062">
     <span class='ocr_line' id='line_1_36' title="bbox 0 0 1406 5062; baseline 0 0"><span class='ocrx_word' id='word_1_255' title='bbox 0 0 1406 5062; x_wconf 95' lang='lat' dir='ltr'> </span> 
     </span>
    </p>
   </div>
  </div>
 </body>
</html>
