2804 5062
221 370 289 447 iti
423 393 485 445 ura.
503 390 538 442 n.
555 389 642 442 sacr.
660 387 791 439 aureas.
813 385 853 436 os
880 381 1006 434 corma.
1023 378 1134 432 marm.

183 502 185 506 ’
218 514 360 601 aedibus
384 511 555 612 profanis,
583 510 644 610 qui
667 508 759 584 omni
785 505 959 580 hominum
985 497 1101 599 generi
1130 495 1210 571 usui
1237 511 1328 583 sunt,

220 633 256 704 iu
282 646 376 706 coetu
411 656 476 706 non
504 654 579 704 ram
603 624 847 709 tumultuante,
874 621 1006 696 iocante
1029 631 1094 690 eto.
1116 613 1209 687 Sane
1233 611 1332 687 multo

220 747 330 846 aptius
356 745 559 845 reciperetur
583 754 827 818 sacramentum
851 736 887 810 in
911 730 1069 808 ecclesia.
1091 729 1128 801 2.
1145 726 1333 801 Baimoi

219 863 436 937 sacramenti:
466 874 712 935 sacramentum
738 855 858 930 existet
888 850 1047 951 quidem,
1078 845 1110 920 si
1141 844 1333 919 admittatur

220 976 456 1053 contrahentes
474 1000 549 1050 esse
562 972 735 1048 ministros
751 968 842 1068 (ti),
854 967 914 1042 sed
933 990 1011 1041 cum
1027 959 1248 1037 incommodo
1265 983 1333 1032 mox

220 1094 384 1194 exposito.
401 1093 435 1164 Si
454 1107 566 1165 autem
585 1089 744 1165 sacerdos
761 1088 806 1162 sit
822 1082 991 1167 minister,
1010 1077 1113 1154 ualde
1130 1074 1334 1178 periclitatur

221 1208 399 1282 existentia
423 1207 498 1282 illa:
523 1207 646 1281 etenim
671 1204 809 1307 quando
832 1201 931 1275 daher
953 1193 1169 1280 benedictio,
1191 1189 1333 1267 nondum

222 1324 337 1398 existit
356 1324 519 1410 materia,
541 1324 608 1398 imo
627 1322 701 1396 lieri
717 1332 880 1421 potestat
898 1328 1081 1415 numquam
1098 1308 1245 1394 existat;
1264 1328 1335 1403 ergo

223 1437 372 1512 nondum
405 1438 519 1512 existit
551 1450 809 1512 sacramentum.
839 1427 989 1518 Quando
1007 1422 1147 1524 ponitur
1172 1419 1332 1506 materia·

224 1553 290 1628 iam
318 1579 385 1628 non
410 1553 508 1628 adest
532 1553 666 1627 lorma:
694 1577 771 1626 curn
795 1573 875 1646 ergo
900 1545 935 1618 in
961 1539 1176 1618 sacmmento
1200 1533 1335 1610 materia

223 1683 256 1742 et
282 1666 388 1743 lorma
412 1668 595 1743 coexistere
621 1665 791 1750 debcant,
817 1660 917 1738 raldo
945 1655 1066 1733 saltem
1090 1650 1239 1728 duhium
1264 1665 1333 1736 est,

224 1807 266 1856 an
294 1782 350 1856 hic
374 1783 466 1857 adsit
491 1799 735 1859 sacramentum
753 1783 868 1878 (68).»

298 1897 433 1997 Colligit
460 1901 493 1972 3.
514 1926 582 1974 non
605 1924 707 2000 posse
732 1895 938 1971 sacerdotem
959 1886 1175 1965 matrimonio
1202 1886 1336 1959 coniun-

224 2039 302 2112 gere
320 2041 465 2116 sponsos
483 2016 574 2090 cirili
593 2015 833 2115 impedimento
849 2009 1014 2094 irretitos,
1029 2021 1217 2105 antequam
1234 1999 1336 2075 subla

212 2146 297 2203 tum
322 2130 423 2206 luerit
443 2130 740 2232 impedimentuml,
761 2126 909 2229 eoquod
927 2126 994 2202 tale
1018 2117 1275 2197 matrimonium
1290 2142 1337 2190 es·

226 2260 279 2320 set
302 2248 454 2332 irritum,
474 2265 513 2324 ut
537 2249 614 2347 ipss
637 2247 802 2347 loquitur,
830 2270 873 2318 eor
896 2241 1017 2316 motas
1036 2235 1231 2338 principii&
1253 2233 1336 2321 0ΰῦ-

226 2378 363 2461 propter
383 2363 415 2438 si
433 2390 533 2438 secus
550 2380 683 2461 ageret,
704 2360 863 2438 sacerdos
889 2375 980 2434 tutus
1004 2352 1099 2430 haud
1124 2376 1205 2428 esse
1231 2364 1339 2451 posset

226 2474 261 2547 in
286 2480 503 2553 conscientia.
531 2480 620 2566 Quin
642 2481 761 2565 etiam,
787 2478 817 2553 si
839 2502 954 2552 secum
974 2471 1157 2547 cohaerere
1181 2466 1266 2543 uelit
1287 2465 1337 2539 hic

171 2609 174 2617 '
226 2609 362 2679 auctor,
391 2595 547 2681 deberet,
577 2594 711 2669 sublato
735 2593 976 2692 impedimento
1001 2586 1114 2673 ciuili,
1138 2584 1263 2660 saltem
1280 2580 1337 2658 suh

227 2708 417 2782 conditione
443 2710 562 2784 iterare
587 2709 854 2784 coniunctionem
872 2709 907 2780 in
925 2707 1011 2780 lacie
1027 2703 1206 2779 ecclesiae.
1224 2702 1338 2776 Verum

226 2845 312 2918 opus
338 2849 404 2895 non
431 2841 483 2896 est
508 2824 722 2909 inductione,
750 2850 827 2898 cum
859 2823 1002 2922 ipsemet
1026 2820 1062 2892 id
1089 2835 1207 2919 aparte
1237 2816 1339 2892 decla

227 2952 287 3009 ret.
313 2939 396 3009 Narn
421 2964 497 3011 cum
523 2939 588 3012 sihi
616 2940 830 3040 proposuerit
862 2937 1027 3011 dubium:
1053 2935 1210 3010 «Utrum
1237 2933 1338 3034 possit

225 3052 382 3126 sacerdos
399 3054 621 3127 ministerium
635 3081 734 3128 suum
749 3053 909 3154 praebere
926 3051 1141 3127 matrimonio
1159 3052 1217 3126 cui
1236 3049 1340 3125 ohsia·

226 3165 283 3239 hat
303 3168 469 3267 quaedam
494 3167 631 3242 nullitas
654 3167 782 3254 ciuilis,
805 3168 865 3241 sed
890 3194 977 3268 quae
1002 3167 1069 3240 iam
1096 3165 1245 3241 civiliter
1268 3191 1339 3266 pur-

226 3298 302 3380 gata
328 3283 435 3356 luit.»
459 3284 673 3384 Respondet:
697 3284 819 3358 allatio
846 3282 1022 3357 dubitandi
1048 3281 1130 3357 oriri
1155 3297 1270 3384 potest
1292 3278 1340 3354 rel

220 3425 268 3472 ex
293 3424 333 3472 eo
359 3399 449 3498 quod
476 3400 528 3473 lex
552 3400 686 3486 civilis,
715 3416 857 3500 purgata
882 3398 1049 3485 nullitate,
1070 3424 1138 3472 non
1157 3396 1341 3498 praecipiat

226 3515 378 3590 renovari
405 3541 630 3603 consensum,
654 3515 713 3616 qui
738 3515 833 3614 prius
854 3515 918 3588 luit
939 3513 1127 3602 invalidus3
1157 3513 1212 3588 uel
1238 3540 1280 3588 ex
1303 3537 1340 3587 eo

225 3629 317 3729 quod
344 3655 411 3704 non
437 3630 520 3704 satis
546 3646 675 3705 constet
699 3630 741 3704 de
766 3646 885 3705 natura
910 3629 1105 3704 huiusmodi
1131 3628 1335 3704 nullitatum.

297 3852 347 3912 (67)
363 3853 416 3902 lion
433 3851 505 3901 rideo
521 3852 568 3901 iroc
587 3852 656 3915 seqoi
677 3865 706 3902 ex
726 3852 845 3902 senmntia
856 3851 887 3902 de
902 3851 1105 3903 contrahentibus
1122 3852 1247 3903 ministris
1267 3862 1341 3903 sacre·

226 3930 301 3979 menti
324 3931 488 3993 matrimonii,
510 3945 566 3981 cunr
588 3946 617 3981 ex
638 3932 689 3995 lege
706 3931 852 3992 tridentina,
876 3931 917 3981 uhi
940 3943 969 3981 ea
990 3931 1115 3995 publicata
1130 3933 1188 3993 est,
1205 3931 1341 3995 requiratur

224 4009 348 4069 praeterea
358 4011 495 4072 praesentia
507 4010 607 4073 parochi
619 4009 649 4059 ad
660 4011 770 4060 valorem
780 4009 943 4071 sacramenti,
955 4011 1028 4073 prout
1039 4011 1120 4073 reipsa
1129 4010 1155 4060 in
1168 4009 1258 4061 Galliis
1267 4009 1341 4060 decre

224 4087 277 4136 turn
294 4087 453 4138 tridentinum
466 4090 512 4138 luit
523 4089 684 4153 publicatum.
698 4092 764 4140 ilaec
781 4089 894 4140 doctrina
909 4091 946 4139 est
961 4102 1063 4152 prorsus
1078 4102 1194 4140 erronea.

297 4165 347 4226 (68)
362 4167 399 4216 lta
416 4168 505 4217 Baston
525 4167 609 4218 Theoi.
625 4169 775 4232 itoliromap.
787 4183 841 4234 pag,
855 4173 908 4219 557.
920 4169 985 4233 apud
1000 4169 1112 4220 carriera
1128 4170 1145 4219 l.
1160 4184 1183 4220 c.
1197 4170 1335 4221 atoma

226 4243 271 4292 hac
284 4256 356 4307 porro
368 4244 518 4306 expositione
536 4248 602 4309 patet
617 4262 667 4312 quo
684 4246 758 4298 ducat
773 4248 892 4300 sententia
907 4247 938 4299 de
953 4249 1080 4299 contractu
1102 4248 1171 4300 cirili
1185 4249 1222 4300 uti
1239 4245 1335 4298 materia

225 4323 372 4373 sacramenti
388 4323 547 4374 matrimonii.
