2804 5062
207 331 275 380 Chi·
290 330 325 380 11.
338 330 378 380 ll!
391 329 454 381 Cll-
469 331 592 384 POTBST·
605 332 785 386 relucter.
798 335 867 384 lllll..
881 337 921 385 to
934 336 1027 387 ltht.
1042 338 1112 389 aar.
1125 339 1157 389 ΙΙ.
1190 316 1257 387 ⁴87

174 485 179 493 ·
223 448 388 548 Insuper,
417 449 445 521 si
471 448 718 524 matrimonium
743 450 1007 526 ecclesiasticum
1033 454 1164 529 ineatur
1183 481 1261 530 cum

147 565 268 664 aliquo
300 562 539 664 impedimento
567 564 656 639 civili
687 567 906 666 temporario,
939 567 1087 641 nondum
1118 587 1262 668 purgata

150 678 305 754 nullitate
317 677 383 754 hac
396 680 613 778 temporarie,
630 681 878 756 matrimonium
892 682 976 757 leret
988 684 1118 759 irritum
1131 742 1140 772 ,
1155 685 1276 761 donec-

147 791 425 893 impedimentum
456 790 609 884 tollatur;
636 795 668 869 si
693 820 772 870 raro
802 811 920 894 agatur
949 796 992 872 da
1022 798 1261 897 impedimento

146 907 240 982 civili
256 906 431 995 absoluto,
452 909 701 983 matrimonium
722 910 988 985 ecclesiasticum
1010 912 1163 987 absolute
1183 914 1260 986 irri-

146 1038 219 1096 tum
244 1038 351 1108 esset,
380 1021 533 1123 adeoque
557 1023 718 1121 coniuges
741 1025 912 1100 continere
929 1052 967 1099 se
991 1025 1163 1102 deberent.
1189 1027 1261 1104 Hoc

145 1153 258 1211 antem
283 1137 318 1209 in
343 1163 425 1212 casn
451 1155 588 1238 possent
611 1137 677 1212 sihi
703 1139 865 1237 coniuges
882 1141 1055 1240 postulare
1071 1143 1259 1218 nullitatem

144 1252 349 1327 matrimonii
374 1253 441 1326 iam
466 1253 558 1341 initi,
585 1269 622 1326 nt
646 1254 865 1353 supponitur,
893 1257 1054 1330 canonice
1070 1272 1104 1331 et
1121 1257 1156 1330 in
1175 1258 1261 1333 lucie

143 1368 327 1456 ecclesiae;
349 1368 383 1440 in
402 1393 470 1468 quo
488 1395 547 1468 per
562 1394 601 1443 se
618 1367 747 1442 nullum
764 1369 890 1445 malum
907 1396 983 1444 esse
1000 1388 1150 1448 autumat
1165 1374 1257 1471 (ll).

171 1529 175 1535 -
219 1483 416 1583 nasoque
444 1483 531 1557 aliae
561 1483 727 1560 eiusmodi
757 1484 930 1560 doctrinae
962 1486 1091 1561 alienae
1123 1487 1260 1562 omnino

143 1615 226 1672 sunt
249 1621 316 1672 non
342 1598 452 1672 solum
478 1625 499 1673 a
523 1599 691 1674 communi
718 1598 947 1696 theologorum
972 1600 1114 1700 placito,
1143 1626 1260 1675 rerum

144 1712 247 1788 etiam
271 1741 292 1786 a
316 1727 428 1786 mente
451 1728 486 1786 et
507 1714 604 1813 'praxi
621 1712 808 1787 catholicae
825 1714 1006 1801 ecclesiae,
1030 1740 1256 1788 mmanorum·

145 1853 215 1926 que
232 1825 427 1925 pontificum
441 1855 450 1914 ;
470 1845 581 1928 neque
596 1826 666 1899 ulla
684 1828 811 1901 ratione
828 1827 963 1926 probari
978 1844 1139 1927 possunt,
1155 1825 1259 1904 multo

142 1967 223 2016 vero
248 1941 361 2015 minus
387 1943 422 2015 in
447 1943 578 2043 pmxim
603 1941 738 2017 deduci.

217 2058 260 2132 ht
282 2058 336 2131 vir
360 2057 517 2158 alioquin¹
545 2058 663 2132 doctus
692 2074 726 2130 et
754 2059 856 2158 pius,
883 2058 928 2131 D.
953 2057 1104 2133 Carrihre
1134 2060 1170 2133 in
1195 2059 1259 2134 has

139 2173 331 2247 sententias
355 2173 523 2247 adductus
551 2173 726 2272 potissime
750 2189 867 2246 estex
891 2173 1037 2270 generali
1056 2173 1115 2248 illo
1132 2174 1259 2274 princi-

144 2288 223 2387 pio,
243 2286 334 2389 quod
352 2289 407 2362 ius
424 2290 457 2361 in
476 2287 680 2363 matrimonii
697 2287 868 2361 vinculum
887 2287 1068 2362 inhaerens
1094 2288 1142 2362 sit
1164 2289 1259 2388 prin·

143 2403 291 2503 cipatui,
320 2404 366 2478 ita
391 2419 428 2477 ut
452 2404 623 2504 principes
648 2400 801 2476 infideles
819 2402 884 2477 hoc
909 2403 982 2476 iure
1000 2403 1095 2503 potiti
1113 2403 1255 2492 inerint,

143 2535 246 2618 atque
270 2520 440 2621 potiantur
466 2521 501 2591 in
526 2518 681 2593 subditos
696 2539 780 2593 'suos
798 2517 974 2606 infideles,
994 2537 1053 2593 aut
1069 2519 1188 2592 saltam
1204 2519 1254 2594 uti

143 2635 314 2732 potuerint
337 2661 377 2709 ac
402 2635 546 2735 possint,
564 2634 634 2709 Hoc
659 2633 749 2707 enim
773 2631 877 2707 semel
901 2634 1095 2723 adstructo,
1116 2661 1257 2735 pronum

144 2765 217 2823 erat
234 2751 379 2839 inferre,
401 2765 499 2852 prout
515 2749 607 2825 haud
625 2750 723 2850 pauci
742 2748 925 2823 intulerunt
941 2750 1059 2824 eodem
1072 2750 1144 2824 iure
1157 2750 1257 2849 potiri

143 2867 316 2967 principes
342 2866 459 2958 fideles
484 2866 520 2939 in
545 2866 698 2940 subditos
722 2892 804 2940 suos
829 2867 902 2941 sive
926 2865 1044 2941 fideles
1078 2867 1151 2941 sive
1180 2865 1258 2939 inli-

143 2980 239 3056 deles
254 3040 262 3070 ‚
278 3009 354 3056 cum
369 3009 408 3057 eo
421 2981 558 3082 spoliari
572 2983 782 3082 nequiverint
795 3009 854 3081 per
868 2980 1039 3078 religionis
1052 2981 1258 3054 christianae

144 3097 411 3197 professionem,
432 3112 502 3169 tum
520 3097 600 3170 huic
617 3097 682 3169 iuri
701 3096 871 3195 principes
890 3095 1009 3169 cedere
1022 3121 1088 3167 non
1105 3095 1257 3193 potuisse

146 3215 181 3285 in
208 3215 349 3311 gratiam
375 3211 557 3300 ecclesiae,
586 3239 662 3285 cum
688 3226 807 3309 agatur
831 3211 874 3284 de
892 3211 963 3284 iure
980 3236 1118 3310 prorsus
1137 3208 1258 3284 inalie-

146 3328 272 3417 nabili,
295 3330 473 3428 regiaeque
490 3327 646 3425 dignitati
664 3326 874 3413 inhaerente;
897 3343 966 3399 tum
988 3352 1069 3400 rom.
1082 3325 1256 3425 pontifices

143 3444 284 3518 minime
302 3444 370 3518 illis
388 3470 487 3518 usum
505 3443 656 3518 eiusdem
683 3444 766 3517 iuris
793 3442 990 3521 interdicere
1017 3443 1188 3541 potuisse,
1216 3468 1256 3515 eo

144 3559 198 3633 vel
223 3562 387 3647 maxime,
415 3561 504 3658 quod
530 3560 565 3630 in
591 3560 731 3634 istorum
755 3557 985 3656 theologorum
1011 3557 1175 3633 sententia
1192 3558 1256 3629 im-

143 3693 313 3776 peratores
331 3676 507 3749 christiani
526 3675 569 3748 ud
587 3675 723 3772 longum
742 3691 873 3774 tempus
891 3673 1039 3771 legitime
1055 3699 1095 3747 eo
1111 3673 1166 3746 usi
1184 3672 1256 3746 lue-

144 3792 229 3878 rint;
258 3810 328 3865 tum
354 3792 582 3865 neceesarium
604 3816 680 3865 esse
700 3788 937 3864 simultaneum
963 3790 1139 3888 utriusque
1163 3803 1255 3888 pote·

142 3908 241 3982 statis
267 3933 466 3982 coneursum
492 3908 536 3981 ad
568 3906 745 3981 statuenda
776 3906 1013 4005 impedimenta
1044 3904 1252 3990 dirimentia;

141 4024 196 4096 uel
223 4024 334 4121 potius
358 4022 537 4097 ecclesiam
563 4022 626 4096 hac
651 4021 805 4096 facultate
831 4021 953 4121 pollere
978 4049 1018 4099 ex
1039 4020 1255 4096 concessione

218 4272 268 4332 (71)
284 4272 346 4322 thid.
360 4285 374 4322 u
390 4285 414 4322 n.
430 4278 496 4323 teto.
510 4271 541 4322 ad
555 4285 578 4322 a.
594 4277 661 4323 tote.
