2804 5062
221 384 1140 454 maununccn.noroenconsr.rnrnarnmnnnruv.
1195 389 1238 459 ct

146 519 243 586 suut,
270 528 414 603 eamque
439 507 678 603 praeseferunt.
702 512 797 600 Quod
816 517 939 614 pariter
958 536 1010 592 est
1027 538 1140 595 contra
1158 525 1241 598 Lau-

149 618 231 693 noii,
256 618 399 716 eiusque
426 621 631 696 asseclarum
657 625 882 726 hypothesim.

219 737 250 804 5.
276 732 471 807 Absurdum
504 754 555 811 est
585 740 732 814 voluisse
765 745 942 819 concilium
976 775 1013 822 se
1046 768 1241 853 coetumque

147 873 273 919 omnem
294 848 535 922 sacerdotalem
560 853 726 950 expoliare
752 857 824 930 iure
851 862 1071 935 constituendi
1097 866 1238 965 impedi·

145 981 250 1037 menta
261 964 471 1052 dirimentia,
486 965 635 1067 illudque
653 971 830 1045 transferre
847 974 1042 1072 dogmaticis
1056 982 1240 1056 canonibus

144 1079 288 1152 inillam
307 1079 452 1153 idealem
471 1082 658 1182 principum
685 1085 910 1161 collectionem
936 1091 1036 1167 veluti
1054 1094 1088 1166 in
1106 1097 1242 1171 alteram

147 1195 291 1266 cetarii
311 1221 505 1292 personam,
534 1199 637 1270 etita
662 1200 711 1274 eis
736 1202 923 1292 vindicare,
951 1223 988 1278 ut
1014 1208 1079 1281 sub
1104 1213 1242 1284 anathe—
1333 1264 1335 1267 -

147 1310 239 1382 matis
263 1310 533 1384 interminatione
554 1338 611 1385 eos
632 1332 812 1404 coerceret,
841 1319 899 1417 qui
922 1320 1070 1395 dicerent
1088 1324 1164 1399 illos
1190 1352 1241 1399 er-

147 1451 210 1497 rare
223 1426 260 1496 in
270 1425 515 1499 constituendis
529 1427 776 1526 impedimentis
790 1435 980 1530 coniugium
990 1437 1236 1514 dirimentibus.

208 1541 261 1612 lv.
293 1538 421 1626 Quid?
451 1541 540 1641 quod
569 1544 655 1641 [octo
685 1546 758 1645 ipso
783 1549 959 1622 concilium
984 1553 1131 1626 ostendit
1158 1556 1240 1654 quid

146 1656 388 1752 significaretur
404 1682 444 1729 eo
461 1658 595 1731 nomine
619 1662 767 1734 ecclcsiae
792 1663 845 1737 cui
871 1664 924 1737 ius
950 1667 1111 1739 asseritur
1135 1668 1241 1768 impe-

145 1771 285 1844 dimenta
307 1772 562 1844 constituendi?
579 1775 617 1846 lu
634 1776 708 1874 ipso
730 1776 818 1849 enim
837 1778 1016 1853 tridentino
1032 1781 1174 1855 concilio
1192 1810 1242 1856 ec-

144 1885 258 1973 clesia,
288 1886 449 1959 nimirum
473 1888 698 1962 ecclesiastica
724 1890 931 1977 hierarchia,
962 1919 1028 1965 non
1054 1909 1166 1964 autem
1191 1897 1242 1966 ol-

148 2015 209 2070 tero
220 2001 370 2072 ecclesiae
384 2027 525 2097 persono
537 2029 664 2075 novum·
673 2004 946 2102 impedimentum
961 2005 1241 2082 clandestinitatis

146 2117 324 2204 constitnit,
339 2117 524 2216 eademque
536 2118 678 2224 ecclesia
692 2118 796 2193 noluit
809 2120 1017 2220 principibus
1031 2124 1242 2222 acquiescere

144 2231 399 2330 postulantibus,
416 2247 452 2304 ut
464 2233 607 2306 irritaret
620 2234 762 2307 filiorum
778 2234 922 2308 familias
936 2238 1146 2310 matrimonia
1160 2239 1241 2310 inita

142 2363 249 2420 contra
266 2363 444 2447 pareutum
462 2347 676 2421 voluntatem.
694 2349 790 2435 Quod
803 2350 938 2449 quidem
951 2368 1181 2448 argumentum
1195 2354 1241 2426 ita

142 2461 262 2535 clarum
272 2479 338 2549 est,
350 2477 435 2534 uteo
445 2462 587 2535 maxime
597 2480 764 2561 permotus
777 2464 829 2537 vel
844 2465 918 2563 ipse
930 2491 1115 2566 anonymus
1128 2487 1242 2541 auctor

143 2577 246 2674 operis
273 2577 323 2648 Dc
353 2579 424 2648 iore
453 2577 666 2649 constituendi
689 2578 915 2675 impedimento
939 2579 1125 2652 dirimentis
1147 2583 1236 2677 (84),

142 2718 344 2791 quamquam
362 2692 397 2763 in
415 2692 533 2765 ceteris
551 2692 697 2765 launoio
719 2691 838 2779 faveat,
860 2692 933 2765 heic
951 2719 970 2768 a
988 2693 1073 2766 duce
1091 2722 1152 2768 suo
1169 2696 1241 2770 dis-

143 2809 280 2893 sentiat,
302 2807 445 2906 eiusque
463 2790 763 2906 interpretationem
786 2806 926 2879 fateatur
946 2834 1022 2880 esse
1039 2833 1175 2906 prorsus
1194 2810 1241 2880 in-

143 2925 274 2997 tentioni
302 2921 437 2995 concilii
459 2922 668 2994 contrariam.

209 3041 300 3136 Ergo
323 3039 395 3112 sive
416 3039 491 3137 ipsa
517 3039 562 3111 rei
589 3054 728 3125 natura,
755 3039 824 3110 sive
845 3064 966 3136 scopus
993 3038 1141 3123 concilii,
1170 3039 1241 3109 sive

145 3153 286 3226 absurda
312 3169 524 3251 spectentur,
552 3178 639 3256 quae
670 3169 886 3252 sequerentur
909 3179 948 3224 ex
978 3152 1130 3250 opposita
1164 3175 1241 3223 sen-

145 3269 263 3355 tentia,
284 3269 359 3341 siue
374 3268 508 3340 demum
531 3267 729 3367 inspiciatur
748 3268 870 3366 scotum
890 3266 997 3365 ipsius
1015 3263 1145 3337 concilii
1162 3289 1240 3335 rere

210 3508 262 3568 (tt)
279 3506 333 3556 Del
349 3506 442 3555 dtrttto
455 3505 482 3555 di
493 3505 612 3555 omittirc
622 3504 798 3568 impedimenti
812 3501 946 3551 dirimerit
958 3501 979 3550 tl
989 3503 1155 3552 matrimonio
1165 3501 1204 3552 ed.
1217 3502 1244 3551 dt

146 3586 297 3637 Parietina.
311 3599 325 3636 e
337 3589 456 3636 cremona
470 3590 536 3636 titt.
547 3585 589 3649 qul
600 3585 649 3635 vol.
659 3587 690 3635 ΙΙ.
703 3586 854 3646 Boplooont.
863 3584 882 3631 l.
893 3594 947 3645 pag.
962 3585 997 3631 rt.
1006 3581 1045 3631 cd.
1058 3583 1178 3633 Ticiueus.
1188 3583 1244 3632 ocri·

144 3665 177 3716 bit
194 3666 269 3717 luisse
288 3668 452 3716 contrariom
468 3667 635 3715 intentionem
653 3662 757 3713 concilii
770 3663 882 3711 «Mcutre
900 3675 953 3710 esso
965 3661 1117 3725 inprottco,
1139 3674 1242 3711 neutuna

146 3747 266 3797 maiore
278 3746 340 3796 latta
348 3743 374 3794 di
386 3745 496 3807 totnani,
506 3758 520 3794 e
530 3742 713 3806 collosempliee
724 3741 786 3792 irase
796 3740 821 3790 di
830 3743 926 3791 Sancto
935 3740 1048 3805 synodos
1053 3741 1240 3804 praecipttctc.

145 3825 176 3875 lin
187 3827 241 3877 tritt
257 3825 334 3876 ononi
351 3823 518 3886 impedimenti
535 3822 670 3887 dirimenti,
683 3821 738 3872 altri
750 3835 780 3871 ue
788 3822 820 3871 ha
829 3820 960 3870 modificati
973 3834 986 3871 e
997 3820 1110 3882 ristretii,
1122 3817 1152 3870 cd
1164 3818 1196 3868 ha
1208 3817 1239 3880 ri·

143 3911 224 3956 emto
233 3907 259 3956 di
270 3906 384 3970 presterni
395 3918 409 3954 a
419 3904 511 3954 stabilit
522 3904 583 3953 nulli
595 3903 760 3952 imatrimonii
771 3901 864 3965 do’figli
874 3901 899 3950 dl
909 3901 1015 3962 lamiglia
1024 3913 1093 3949 senza
1101 3899 1117 3948 il
1125 3911 1242 3948 consenso

144 3984 180 4034 de·
189 3984 291 4048 parenti.
302 3987 352 4033 ora
364 3995 413 4031 unu
423 3983 471 4031 tale
482 3981 597 4032 condotta
606 3981 645 4030 dcl
654 3980 757 4030 concilio
767 3979 811 4028 beu
824 3979 956 4038 dimostra,
968 3977 1040 4038 quale
1049 3977 1085 4026 sia
1095 3975 1242 4026 emulatus

144 4065 279 4114 intenzione
289 4061 383 4112 usaudo
394 4062 457 4112 nelle
466 4061 532 4111 dctte
540 4060 676 4109 definicioni
688 4059 752 4108 della
762 4059 845 4121 parole
857 4057 956 4106 chiesa
968 4056 1050 4104 iulatti
1060 4055 1124 4118 dopo
1134 4068 1192 4105 orer
1201 4055 1241 4105 de·

144 4143 211 4194 linito
223 4144 268 4193 che
277 4141 417 4192 allachiasa
425 4143 533 4204 compete
543 4140 616 4190 nutui
628 4139 725 4201 duilio,
735 4139 852 4188 sotteutra
864 4135 880 4184 il
891 4133 978 4186 sinodo
987 4133 1018 4183 ad
1030 4147 1124 4184 uterne.
1136 4137 1241 4198 Dunqrm

145 4237 188 4286 per
201 4222 288 4274 chima
298 4221 410 4272 intendet
420 4220 441 4270 ni
450 4219 494 4273 dee
502 4220 520 4270 it
529 4218 689 4279 sinodoraie
698 4232 714 4268 ι
723 4218 776 4267 dire
786 4215 897 4267 l’uuiouc
907 4227 921 4264 e
932 4213 1085 4264 l'ussernblen
1101 4214 1140 4264 (io'
1150 4213 1241 4278 pastori

145 4303 315 4364 munci,
328 4302 346 4351 it
357 4301 403 4351 che
413 4301 453 4364 poi
463 4299 569 4364 significa
581 4298 604 4347 lu
611 4310 723 4362 persona
733 4294 917 4347 sacerdotate·
1171 4371 1193 4415 ἧς
1271 4346 1274 4354 ¹
