2804 5062
152 359 222 432 181
306 432 308 436 ,
383 380 446 432 um.
467 381 503 431 u.
524 379 610 432 secr.
632 379 655 429 1.
676 379 717 429 ne
735 376 861 434 roresr,
884 377 1013 432 eccm.

150 499 372 600 proprietatos
393 496 656 584 determinasse,
687 495 749 570 sed
766 510 942 595 praeterea
964 494 1056 569 idem
1074 492 1251 593 coniugium

150 613 413 716 patresfamilias
439 640 501 688 seu
519 612 752 714 patriarchas,
777 611 836 712 qui
863 625 958 685 erant
979 609 1046 685 sub
1070 608 1147 708 lege
1173 626 1251 685 natu

150 758 208 806 rae
232 730 423 806 sacerdotes
445 731 510 826 (l),
532 729 721 804 moderatos
739 721 871 813 luisse,
892 741 929 800 ut
949 741 1148 800 constater
1167 725 1251 801 llhra

148 845 247 934 ham,
267 845 326 946 qui
348 843 455 918 noluit
472 861 509 917 ut
522 845 618 918 lsaac
635 843 670 915 in
691 868 829 916 uxorem
845 841 982 915 duceret
998 839 1179 914 mulierem
1190 840 1251 915 clm

147 986 312 1036 nanaeam
332 961 471 1056 (Genea.
488 960 600 1032 lllllll.
619 961 674 1054 3.)
690 972 724 1032 et
737 985 778 1031 ex
796 959 893 1031 lsaac
909 956 968 1057 qui
985 956 1093 1031 vetuit
1109 983 1155 1030 ne
1171 953 1251 1033 laeol

150 1103 188 1151 se
204 1102 280 1150 cum
298 1074 414 1176 aliqua
430 1075 582 1150 eiusdem
599 1074 710 1174 gentis
727 1073 945 1172 coniungeret
961 1071 1022 1168 (ib.
1033 1071 1186 1144 xxvlu.
1197 1071 1245 1167 1.)

150 1193 269 1267 Postea
286 1218 364 1265 vero
381 1191 446 1265 sub
466 1190 540 1289 lege
557 1190 685 1290 scripta
700 1215 936 1290 quaecumque
953 1187 997 1263 ad
1014 1187 1181 1286 coniugia
1195 1211 1251 1286 spo

148 1320 240 1382 ctant
255 1333 277 1380 a
292 1308 363 1382 Deo
380 1334 440 1407 per
453 1308 579 1383 lloeem
594 1306 815 1390 determinata
831 1303 1061 1406 conspicimus
1088 1307 1158 1401 (a).
1175 1305 1251 1377 luxit

148 1420 240 1519 leges
266 1424 381 1497 allec
406 1422 553 1497 sancitas
577 1447 700 1497 causae
727 1418 991 1497 matrimoniales
1021 1418 1251 1493 dirimebantur

150 1564 172 1611 a
192 1538 445 1627 sacerdotibus,
463 1538 646 1638 praecipue
664 1563 778 1612 veroa
795 1536 972 1638 pontifice,
993 1551 1031 1608 ut
1048 1535 1138 1610 satis
1156 1550 1251 1636 apat<

150 1669 243 1752 patet
266 1680 307 1728 ex
336 1656 434 1729 Deut.
462 1655 563 1727 xvll.
592 1655 675 1740 12„
704 1667 913 1752 testaturque
933 1643 1107 1750 'Iosephus
1134 1650 1251 1726 Flauius

147 1769 320 1846 scribens:
340 1768 558 1844 «Sacerdotes
574 1792 724 1842 summos
741 1767 892 1843 omnium
909 1767 1123 1868 quaesitores
1144 1783 1179 1842 et
1193 1790 1251 1842 coa

149 1885 385 1960 troversiarum
405 1885 535 1959 iudices
558 1900 591 1958 et
613 1884 848 1958 damnatorum
869 1883 1040 1983 punitores
1053 1882 1251 1970 'consutum

150 2025 227 2072 cese
252 2026 272 2071 a
297 1999 413 2098 Moyse
436 2003 500 2095 (a).
526 2000 638 2072 «Sane
663 1999 822 2097 nuspiam
844 1997 986 2095 legimus
1007 1994 1251 2098 Deum'aliqull

149 2113 285 2211 regibus
310 2113 353 2186 de
378 2113 535 2212 coniugio
554 2114 769 2213 praecepisse
790 2129 848 2189 aut
873 2112 1123 2202 demandasse;
1153 2127 1251 2188 conor

147 2255 227 2304 vero
254 2255 349 2327 reges
379 2230 445 2331 ipsi
474 2229 607 2328 legibus
638 2232 749 2304 allec
774 2229 966 2306 constitutis
996 2229 1251 2306 subiiciebontur

148 2344 241 2419 iuxta
267 2345 479 2420 sacerdotum
504 2345 834 2446 interpretationem,
854 2344 885 2421 si
910 2344 1001 2447 quod
1018 2344 1166 2421 dubium
1182 2332 1251 2423 oxii

150 2475 256 2536 mium
273 2461 406 2535 luisset.

223 2576 261 2647 In
280 2604 366 2650 nova
385 2594 496 2651 autem
520 2578 594 2677 lege
616 2580 651 2650 in
671 2580 778 2678 primo
795 2577 872 2651 libri
898 2577 1001 2651 huius
1023 2578 1138 2678 capite
1156 2592 1251 2653 ostar

147 2690 260 2764 dimus
286 2690 458 2766 Christum
477 2694 673 2767 auctoritate
690 2722 774 2781 sua,
795 2692 888 2767 nulla
911 2692 1069 2793 politicae
1088 2691 1251 2794 potestati

146 2803 263 2879 habita
279 2806 426 2895 ratione,
448 2808 635 2881 absolutam
653 2811 844 2884 decrevisse
861 2809 1137 2907 monogamiam,
1159 2807 1251 2885 indis

146 2919 457 3020 solubilitatcmque
482 2937 678 3021 perpetuam
697 2924 857 3021 coniugii.
884 2925 965 2997 ltem
987 2923 1189 3024 Apostolum
1205 2945 1251 3024 pru

147 3035 304 3110 facultate
329 3036 393 3109 sibi
413 3064 433 3109 a
450 3036 585 3111 Christo
602 3038 709 3127 lacta,
730 3039 828 3138 plura
845 3039 880 3110 in
899 3039 1011 3113 causis
1034 3038 1251 3114 matrimonia·

146 3150 236 3225 libus
261 3152 499 3240 constituisse,
529 3178 617 3252 quae
642 3153 865 3227 versabantur
889 3152 961 3226 sive
985 3153 1076 3227 circa
1102 3147 1251 3252 coniuges

146 3267 351 3343 christianos
375 3268 461 3341 inter
486 3295 542 3356 se,
573 3269 644 3342 sive
670 3270 756 3343 inter
781 3268 898 3342 fideles
923 3294 962 3342 ac
988 3268 1166 3357 infideles,
1193 3268 1251 3343 site

146 3381 235 3456 eirca
252 3382 388 3471 viduas,
406 3383 487 3482 quin
507 3410 547 3456 ea
563 3383 640 3458 heic
658 3383 779 3457 iterare
796 3410 883 3482 opus
902 3382 959 3457 sit.
976 3383 1038 3456 His
1057 3409 1159 3486 porro
1176 3383 1251 3484 Apo

212 3622 246 3685 (i)
262 3643 274 3666 r
286 3622 373 3686 capita
391 3624 558 3686 familiarum,
576 3625 656 3688 inquit
676 3625 804 3675 cornelios
821 3638 835 3674 a
851 3625 961 3689 Lepida,
979 3625 1124 3678 mrumdem
1141 3625 1251 3679 etanta·

141 3701 261 3754 cerdotee.
287 3706 329 3752 lus
351 3705 418 3753 enim
439 3705 569 3755 sacordotii
588 3706 631 3755 illo
648 3708 758 3768 tempora
777 3719 820 3769 per
840 3705 1019 3769 generationem
1037 3707 1165 3757 minuent
1182 3701 1252 3758 derel·

143 3779 281 3831 vehaturin
300 3784 426 3845 posteros,
447 3784 540 3833 scilicet
558 3784 583 3833 ln
603 3785 791 3848 primogenitos,
806 3787 830 3835 et
842 3787 867 3834 in
887 3786 967 3849 capita
982 3785 1151 3849 familiarum,
1172 3789 1197 3837 et
1208 3794 1251 3837 cor

142 3866 272 3925 sequenter
281 3876 353 3913 omne
373 3864 537 3914 sacerdotium
559 3865 719 3916 hebraeorum
735 3865 862 3917 descendit
880 3866 911 3916 ab
925 3866 1048 3916 abrutam
1064 3867 1171 3932 eiusque
1187 3875 1251 3921 w

143 3937 220 3990 (lotio.
231 3960 243 3984 a
257 3944 399 3993 commeat.
412 3947 439 3994 in
450 3947 524 4007 epist.
537 3944 573 3994 od
584 3945 681 3994 Hoelr.
694 3949 751 3996 vll.
764 3950 787 3996 4.

211 4022 245 4083 (ὁ)
261 4024 477 4075 Lavit.c.xvn1.
492 4032 568 4088 esaq.
584 4027 656 4074 Deut.
676 4028 741 4075 xxi.
760 4033 786 4076 15
798 4039 849 4090 seq.
863 4029 950 4076 xalv.
967 4033 976 4076 t
989 4039 1058 4089 seqq.
1071 4027 1122 4076 etc.

211 4100 245 4163 (6)
260 4102 314 4153 Lib.
327 4106 358 4153 11.
370 4107 436 4154 cont.
454 4105 589 4169 appionem
604 4113 642 4156 22.
658 4105 696 4154 ed.
710 4109 870 4170 Havercamp.
882 4111 944 4160 tom.
956 4108 988 4156 11.
1001 4119 1056 4170 pag.
1072 4110 1129 4159 485.
1140 4099 1251 4157 calesti

143 4182 327 4231 mouumentum
347 4182 503 4234 ineluctabile
521 4183 594 4235 nobis
612 4183 712 4235 exhibet
732 4183 794 4235 adeo
810 4184 877 4251 epod
895 4184 1102 4248 legisdoctores,
1123 4197 1168 4236 seu
1185 4191 1251 4249 m

140 4256 211 4310 dotes
228 4260 319 4324 anau
337 4263 503 4315 controversia
517 4265 583 4315 cirea
599 4265 700 4316 divortit
717 4278 804 4318 cauam
813 4264 845 4317 ad
860 4267 968 4318 mentem
984 4264 1045 4329 mgis
1060 4265 1185 4318 umatus
1198 4265 1250 4317 ltu·

141 4340 186 4391 ter.
199 4342 287 4394 xxiv.
299 4343 331 4394 de
343 4355 394 4408 qna
412 4342 438 4394 in
456 4343 520 4395 libro
541 4344 687 4409 insequenti.
