2804 5062
161 329 228 400 llo
357 352 418 403 nm.
440 352 475 403 ιι.
496 352 583 404 sner.
604 314 734 405 minua.
755 352 796 403 nn
813 319 938 404 roresr.
959 351 1069 405 mnu.

156 469 246 544 civili
273 469 346 569 lege
370 471 482 571 quoad
508 470 678 545 vinculum
705 498 771 545 non
797 471 959 572 pendere,
980 497 1044 547 nec
1061 471 1176 546 dirimi
1194 499 1257 574 pos

156 611 221 659 se:
255 585 315 659 sed
340 586 439 662 modo
464 585 595 687 plenius
620 601 721 687 atque
746 585 871 660 directe
896 586 980 662 haec
1003 588 1177 662 sententia
1195 589 1258 663 vin·

156 696 300 772 dicanda
325 715 387 773 est.
436 754 439 760 -

228 815 325 888 Haud
352 816 467 913 ignoro
493 815 671 916 plerosque
696 817 768 891 sive
793 816 978 916 theologiae
1003 817 1146 892 moralis
1177 820 1260 894 insti

156 943 301 1017 tutores,
332 931 404 1004 sive
429 932 512 1005 iuris
545 931 720 1031 utriusque
750 932 946 1032 interpretes
977 935 1152 1009 communi
1184 961 1260 1034 pene

154 1042 283 1118 calculo
307 1044 427 1119 docere
452 1070 553 1145 posse
570 1044 741 1146 principes
759 1044 911 1119 infideles
929 1047 1002 1121 suis
1021 1046 1158 1146 legibus
1176 1049 1260 1122 irrita

154 1157 263 1232 lacere
286 1158 470 1233 infidelium
493 1159 703 1234 subditorum
722 1159 877 1258 coniugia
902 1162 966 1256 (1).
984 1162 1093 1236 Immo
1116 1162 1259 1238 nonnulli

154 1272 238 1346 adeo
263 1276 430 1374 progressi
458 1291 552 1362 sunt,
581 1293 617 1349 ut
641 1275 695 1348 ius
721 1275 810 1348 istud
836 1274 1029 1349 infidelibus
1054 1277 1259 1378 principibus

153 1387 330 1461 tribuerint
346 1388 381 1462 in
401 1417 481 1465 suos
502 1389 602 1465 etiam
626 1389 780 1464 subditos
805 1388 921 1464 fideles
946 1393 1009 1486 (2).
1038 1391 1175 1466 Exinde
1192 1417 1259 1467 vero

151 1502 355 1602 collegerunt
371 1505 473 1579 veluti
492 1490 704 1579 corollarium
722 1505 756 1576 in
776 1532 837 1580 sno
851 1521 1045 1579 contentum
1062 1504 1259 1583 theoremate

151 1619 251 1693 etiam
277 1620 445 1720 principes
472 1619 587 1694 fideles
612 1620 677 1693 hae
694 1619 759 1693 lrui
777 1636 939 1720 potestate
956 1620 992 1692 in
1010 1620 1135 1696 fideles
1154 1606 1258 1698 subdiss

151 1750 222 1822 t0s;
244 1735 306 1808 etsi
335 1750 450 1836 postea
474 1737 658 1810 concedant
681 1762 782 1836 posse
807 1735 872 1810 hoe
889 1735 957 1810 illis
975 1735 1019 1809 ab
1042 1737 1192 1813 ecelesia
1211 1740 1256 1813 ius

149 1848 253 1922 adimi
278 1876 320 1924 ae
343 1851 409 1924 sibi
434 1849 497 1923 soli
521 1851 710 1939 vindicare;
730 1867 789 1926 aut
805 1850 921 1924 saltem
947 1851 1122 1953 principes
1149 1854 1256 1928 fideles

151 1989 211 2063 pro
236 1990 299 2037 sna
323 1991 403 2062 erga
427 1964 602 2039 eeclesiam
630 1966 751 2064 pietate
775 1964 839 2038 hcc
864 1964 917 2037 ius
935 1965 971 2037 in
988 1966 1159 2043 eeclesiae
1176 1970 1257 2043 lavo·

151 2103 220 2150 rem
245 2079 390 2153 cessisse
402 2130 414 2167 ,-
438 2096 475 2153 ut
500 2106 562 2154 suc
587 2079 659 2154 loeo
682 2079 830 2152 vidimus
852 2083 864 2174 (
887 2083 915 2175 ).
1182 2067 1185 2072 ⁵

222 2194 338 2268 Fateor
363 2221 416 2268 me
441 2222 624 2295 numquam
650 2195 800 2295 potuisse
825 2193 906 2267 huic
923 2194 1111 2270 sententiae
1130 2198 1257 2299 acquie-

150 2335 261 2397 score;
283 2311 411 2386 scilicet
426 2311 469 2385 de
486 2311 558 2386 iure
575 2338 636 2384 seu
653 2311 847 2386 auctoritate
865 2309 1057 2409 principum
1072 2312 1256 2392 infidelium

149 2425 322 2499 sanciendi
341 2426 431 2526 leges
450 2428 575 2528 quibus
592 2452 729 2501 suorum
746 2425 956 2500 subditorum
973 2425 1167 2502 infidelium
1185 2454 1256 2503 con-

150 2541 241 2638 iugia
268 2542 360 2615 nulla
385 2544 611 2618 redderentur.
634 2542 735 2615 lllulto
759 2567 837 2615 vero
864 2542 974 2613 minus
998 2543 1092 2639 potui
1113 2544 1255 2617 animum

149 2655 294 2729 adiicere
319 2660 438 2732 ceteris
467 2658 641 2732 recensitis
667 2658 738 2730 sive
765 2654 993 2752 theologorum
1018 2656 1092 2730 sive
1120 2658 1257 2759 iurispe

148 2771 286 2843 ritcrum
312 2773 465 2872 placitis,
493 2791 530 2846 ut
555 2800 594 2845 ex
620 2773 722 2846 huius
740 2770 981 2845 lucubrationis
999 2770 1149 2846 decursu
1167 2773 1255 2847 facile

146 2885 258 2982 colligi
286 2904 405 2986 potest.
428 2888 605 2989 Postquam
629 2914 707 2962 vero
732 2886 949 2960 animadverti
977 2885 1122 2959 abusum
1147 2888 1255 2962 istius·

95 3073 99 3081 ,
146 3000 236 3073 modi
263 3003 449 3075 sententiae
474 3029 514 3075 ex
540 3020 631 3103 parte
656 3018 704 3075 tot
729 3000 959 3097 regalistarum
989 3025 1028 3072 ae
1055 3003 1253 3102 pseudo-po

146 3112 331 3202 liticorum‚
352 3116 459 3213 magis
478 3116 597 3213 iugiter
614 3115 778 3211 armagis
796 3140 869 3187 eam
888 3127 1061 3186 aversatus
1080 3140 1172 3188 sum.

216 3294 251 3355 (ι)
268 3295 375 3344 sancires
394 3299 429 3344 De
445 3298 561 3345 matrim.
572 3294 616 3344 tib.
628 3296 681 3342 vti.
694 3293 757 3355 disp.
770 3294 812 3341 ΙΙΙ.
821 3304 846 3340 n.
859 3299 881 3341 5.
892 3290 1109 3354 schmatrgmeher
1129 3296 1179 3343 lats
1199 3305 1252 3343 aaa.

144 3371 186 3420 tib.
200 3374 243 3421 lv.
255 3374 293 3423 tit.
309 3380 329 3422 ι.
341 3378 376 3424 De
386 3375 499 3438 sponsal.
511 3388 535 3423 ιι.
549 3373 726 3424 aeterniora
748 3376 785 3421 Dc
801 3373 879 3421 nictr.
893 3374 955 3434 part.
966 3363 1048 3420 lfl.'u.
1061 3376 1107 3422 nte
1129 3386 1199 3438 seqq.
1210 3373 1253 3432 Qui

145 3453 270 3500 recensent
282 3452 343 3502 aiios
355 3455 465 3502 auctores
474 3467 518 3516 pro
530 3453 576 3502 hac
587 3453 714 3503 sententie.

218 3531 251 3593 (t)
269 3533 376 3582 sanctes
392 3533 439 3582 luc.
455 3534 496 3582 cit.
514 3547 537 3581 n.
551 3535 573 3582 7'.
589 3532 631 3581 ubi
654 3533 737 3595 aperte
756 3531 852 3581 scribit:
866 3551 877 3573 ει
887 3529 915 3581 ld
926 3543 984 3579 vern
1003 3531 1157 3593 monuerim,
1176 3530 1253 3581 fideles

144 3609 254 3660 subditos
271 3611 409 3662 infidelibus
425 3612 587 3675 principibus,
607 3613 690 3674 utputo
706 3611 748 3672 qui
765 3623 849 3659 eorum
862 3607 953 3671 oppida
964 3607 1118 3671 inhabitant,
1138 3610 1251 3673 adstringi

145 3689 239 3752 legibus
255 3703 339 3740 eorum
354 3692 424 3742 iustis
439 3692 590 3742 irritantibus
607 3690 790 3740 matrimonium
802 3690 827 3737 in
838 3688 952 3737 omnihus
964 3687 995 3736 iis
1006 3686 1120 3749 casibus,
1130 3690 1157 3739 iu
1166 3690 1251 3754 quibus

143 3769 174 3819 ad
190 3771 252 3821 alias
269 3785 356 3821 eorum
370 3772 434 3834 leges
451 3773 571 3822 tenentur.
586 3775 666 3829 Quare
677 3772 766 3820 sicum
780 3784 808 3820 eo
820 3768 945 3819 dirimeuti
962 3766 1140 3830 impedimento
1160 3773 1250 3820 coutra-

142 3847 219 3913 hant,
245 3852 297 3899 orit
316 3850 423 3900 nultum
439 3849 723 3906 matrimonium=Quia
738 3850 799 3898 ratio
815 3846 959 3897 sacramenti
975 3846 1153 3910 superaddito
1175 3848 1251 3898 metri·

141 3927 224 3976 monio
241 3926 363 3990 fidelium,
381 3940 429 3977 non
446 3927 548 3991 impedit
559 3928 584 3976 in
600 3927 748 3991 principibus
764 3927 907 3990 potestatem
924 3924 1099 3987 impedimenta
1116 3924 1251 3977 dinume·

142 4004 381 4063 autumationum
396 4006 465 4055 abusi
484 4006 533 4056 sint
549 4006 673 4056 sauehenii
689 4005 832 4055 auctoritate
853 4016 903 4053 non
922 4003 992 4066 pauci
1012 4004 1177 4067 receutimes,
1195 4005 1249 4055 aeds

141 4083 226 4131 notum
242 4087 287 4134 est.
594 4103 596 4107 ’
763 4105 766 4108 ⁴

213 4161 247 4224 (t)
263 4164 353 4213 lterum
369 4165 476 4214 Sanchez
493 4166 540 4215 loc.
557 4164 599 4216 cit.
616 4178 640 4213 n.
661 4171 682 4214 2.
702 4163 728 4212 td
748 4164 828 4228 ipsum
843 4162 915 4213 docet
930 4161 1024 4212 Droniu
1042 4166 1080 4213 De
1096 4176 1126 4215 re
1140 4176 1247 4215 annun.

144 4238 185 4288 lib.
202 4241 243 4288 lx.
258 4255 311 4304 cap.
330 4246 349 4292 Ι.
365 4244 388 4305 §.
402 4245 436 4292 ll.
455 4246 516 4293 Dion
533 4251 547 4292 ι
564 4244 589 4293 ei
605 4251 627 4293 ³.
641 4242 733 4305 aliique
748 4242 854 4305 panim,
876 4240 958 4303 quiid
975 4240 1085 4294 inierunt
1100 4256 1131 4294 er
1148 4242 1247 4308 genmli

142 4319 261 4383 principio
275 4321 306 4372 de
322 4323 395 4374 insita
413 4322 561 4388 principatui
575 4322 721 4374 auctoritate
736 4322 762 4373 in
779 4320 943 4373 matrimonia.
