2804 5062
222 367 290 438 tta
411 387 473 446 un.
494 386 530 437 n.
550 385 637 436 srcr.
658 383 788 435 rursm.
809 383 850 432 nr
867 380 994 433 aaran.
1014 382 1124 436 uum.

219 523 358 606 excepto
382 507 464 607 sorte
489 504 568 594 illo,
599 504 690 605 qued
715 503 821 578 oritur
845 509 886 575 ex
908 515 1017 575 morte
1040 498 1162 588 ciuili,
1190 499 1333 578 reddunt

219 623 468 709 matrimonium
486 620 692 710 invalidum,
712 634 873 720 quantum
891 644 932 692 ex
946 644 984 693 se
1000 632 1069 705 est,
1087 617 1203 718 qucum
1220 619 1331 719 ipsum

219 740 339 814 foedus
364 738 540 837 coniugale
564 755 598 813 et
620 738 655 810 in
682 737 753 812 foro
777 734 1003 810 conscientiae
1031 735 1121 831 (ta).
1137 765 1156 804 n
1173 734 1333 809 Animad-

218 856 319 930 vertit
341 871 452 929 autem
477 881 537 956 per
560 879 660 928 uoces
676 850 754 927 illas
772 866 932 952 quantum
951 877 995 924 ea
1010 875 1044 924 aa
1061 866 1125 936 cst,
1147 850 1332 949 significari

220 971 450 1071 quaestionem
476 968 520 1042 ab
545 969 620 1069 ipso
643 967 787 1070 expendi
811 965 923 1068 quoad
947 967 1073 1066 sactum
1103 982 1256 1055 tantum,
1284 966 1333 1040 in·

218 1084 445 1187 dependenter
469 1112 490 1157 a
514 1087 584 1157 iure
609 1113 670 1160 seu
704 1099 869 1186 potestate
901 1083 1064 1183 principis
1089 1081 1134 1155 de
1159 1109 1232 1185 qua
1255 1081 1333 1156 alibi

219 1219 333 1298 egerat
357 1205 416 1298 (n.
434 1201 503 1273 bil
518 1205 657 1302 etseq.)
679 1227 720 1276 ac
736 1199 879 1301 proinde
892 1199 1112 1273 assertionem
1125 1224 1228 1273 suam
1244 1201 1334 1274 varie

219 1340 324 1391 sensu
348 1341 425 1388 esse
450 1317 649 1391 sumendam
675 1342 736 1418 pru
760 1316 863 1390 variis
889 1309 1106 1414 opinionibus
1128 1315 1225 1390 circa
1244 1314 1333 1389 illam

220 1429 410 1530 principum
425 1447 635 1530 potestatem.
648 1432 719 1504 lam
732 1456 811 1506 aero
824 1430 914 1503 idem
927 1444 1042 1503 auctor
1054 1427 1119 1502 loc.
1130 1429 1190 1503 cit.
1202 1429 1334 1505 adstru-

217 1560 312 1619 xerat
333 1563 530 1646 potestatem
552 1547 723 1647 principes
746 1545 873 1621 babere
897 1543 1065 1619 statuendi
1092 1543 1333 1646 impedimenta

218 1660 405 1748 eiusmodi,
427 1689 515 1762 quae
532 1662 662 1736 nullum
680 1660 792 1763 quoad
807 1660 985 1736 vinculum
999 1659 1173 1734 efficerent
1196 1685 1332 1734 suorum

220 1775 431 1851 subditomm
458 1779 663 1877 coniugium.
682 1780 776 1853 Mens
797 1777 912 1877 itaque
937 1776 1011 1850 eius
1037 1793 1091 1850 est
1112 1777 1202 1872 (seu
1223 1777 1332 1876 potius

219 1888 305 1986 luit)
339 1892 373 1963 in
399 1895 567 1993 praesenti
592 1894 848 1995 propositione,
875 1891 968 1991 quod
991 1890 1106 1989 reipsa
1137 1889 1332 1965 codiciaci

219 2004 297 2078 vilis
322 2005 454 2104 legibus
472 2008 566 2083 nulla
589 2035 630 2084 ac
654 2010 750 2083 irrita
767 2007 850 2083 liant
865 2007 901 2081 in
919 2003 1148 2081 conscientiae
1165 2006 1240 2081 loro
1259 2026 1333 2081 oon·

218 2119 322 2194 uubia
346 2141 462 2196 contra
486 2123 578 2224 leges
603 2123 719 2202 civiles
744 2123 840 2197 inita.

288 2235 338 2308 Ex
358 2236 423 2312 hac
442 2256 553 2314 autem
571 2240 724 2315 doctrina
743 2234 987 2313 fundamentali
1008 2235 1138 2334 colligit
1149 2235 1210 2310 bic
1221 2252 1331 2311 cumr

217 2377 279 2451 pro
304 2353 398 2453 praxi
425 2354 460 2427 in
488 2355 627 2445 Galliis,
656 2354 774 2429 fideles
799 2352 930 2453 absque
952 2349 1060 2426 dubio
1080 2351 1189 2425 teneri
1216 2351 1332 2426 saltem

215 2471 415 2565 generaliter
433 2471 601 2571 loquendo
618 2496 730 2543 coram
747 2467 907 2568 officiario
924 2466 1019 2540 cicili
1035 2490 1074 2540 se
1092 2465 1218 2540 sistere
1230 2482 1269 2540 ut
1280 2457 1349 2548 nuss,

215 2582 309 2671 bant,
322 2586 425 2685 idque
437 2588 536 2661 insert
549 2614 589 2659 cx
602 2585 863 2686 principiisase
875 2583 1078 2669 constitutis,
1090 2582 1175 2680 quia
1188 2583 1332 2682 alioquin

215 2703 459 2774 matrimonium
483 2705 633 2802 [uturum
655 2716 737 2775 essct
759 2701 921 2783 irritum,
955 2714 1014 2772 aut
1039 2696 1161 2772 saltem
1196 2712 1333 2799 possent

217 2815 451 2888 contrahentes
476 2843 514 2889 se
538 2843 704 2914 exponere
732 2813 883 2915 periculo
907 2812 1052 2887 faciendi
1079 2813 1332 2888 matrimonium

220 2929 349 3002 irritum
363 2929 407 3004 ob
415 2930 680 3030 probabilitatem
693 2957 794 3031 quam
808 2930 934 3003 habent
946 2928 1146 3028 praestituta
1160 2955 1182 3001 a
1194 2917 1235 3010 se
1248 2928 1331 3028 prin·

216 3043 305 3143 cipia
333 3047 421 3139 (bl).
444 3045 563 3116 Verum
589 3044 679 3145 quod
706 3044 859 3143 possint,
892 3043 995 3116 immo
1014 3067 1108 3115 vero-
1124 3043 1331 3142 quandoque

216 3159 315 3231 etiam
342 3159 487 3233 debeant
512 3160 630 3234 fideles
663 3184 775 3233 coram
804 3159 1003 3255 magistratu
1029 3155 1121 3229 civili
1150 3182 1190 3231 se
1215 3157 1333 3231 sistere

214 3272 258 3345 ad
283 3274 502 3348 celebrandas
528 3276 661 3375 nuptias
683 3273 822 3349 concedi
844 3274 962 3374 utique
980 3288 1090 3371 potest
1106 3289 1178 3344 tum
1192 3271 1239 3344 ob
1251 3271 1329 3356 alia,

215 3401 283 3459 tum
305 3390 405 3461 etiam
424 3390 465 3462 ad
483 3389 639 3463 vitandas
659 3388 831 3462 molestias
852 3405 952 3489 atque
969 3378 1183 3461 incommoda
1208 3376 1331 3488 quibus

215 3527 312 3576 secus
340 3503 463 3577 subiici
489 3521 648 3605 possent,
676 3505 874 3604 praesertim
900 3529 977 3578 cum
1002 3519 1122 3602 agatur
1142 3502 1187 3579 de
1211 3530 1251 3578 re
1275 3528 1332 3602 per

214 3643 251 3693 se
276 3618 491 3694 indifferenti.
516 3619 576 3696 Ast
598 3619 728 3695 irritum
750 3617 871 3696 vocare
896 3619 1109 3716 coniugium,
1139 3617 1233 3719 quod
1259 3618 1331 3693 sine

291 3837 341 3899 (aa)
357 3839 517 3902 opatttam.
530 3843 562 3890 11.
571 3854 594 3890 n.
603 3844 647 3891 stt
659 3842 778 3904 sequani
790 3842 879 3904 allegat
891 3855 935 3906 pra
945 3842 992 3891 hac
1001 3839 1122 3890 sarmatia
1135 3841 1228 3890 Baeton
1242 3840 1329 3889 brmin

217 3914 608 3983 staataomomaaappenuad
619 3921 733 3969 trictvs
742 3920 928 3971 matrimoned.
939 3925 1017 3977 late..
1026 3920 1079 3967 tum
1089 3919 1211 3982 inopcui
1223 3920 1262 3968 ut
1270 3922 1329 3970 catt-

215 3992 342 4045 ccrdauce
358 3995 403 4046 des
421 3997 468 4047 tots
484 3998 575 4047 clotten
591 4001 617 4048 et
632 3997 664 4048 de
681 3996 729 4048 loti
745 3999 886 4049 ecclesiast.
906 3997 938 4048 da
954 3999 1059 4048 Fronte
1075 3996 1206 4049 touchant
1228 3996 1254 4048 la
1277 4009 1327 4047 ma·

216 4075 296 4136 rtoae
309 4076 545 4127 tett.1.vol.iu·12.
556 4078 701 4128 unauna
714 4078 739 4127 iu
749 4077 846 4128 duabus
856 4078 980 4142 prioribus
990 4076 1141 4127 editionibus
1151 4090 1174 4128 c.
1184 4079 1326 4128 tvaim.

215 4149 237 4211 §.
248 4158 268 4200 t.
280 4155 310 4202 D.
322 4152 392 4203 tcard
404 4157 513 4205 Dtssert.
531 4154 563 4205 de
579 4155 768 4219 tmpcrttmcntr's
785 4160 842 4209 turc
857 4156 932 4208 ctcttt
948 4154 1064 4207 tudttctts
1082 4156 1179 4208 adiecta
1195 4170 1275 4209 norae
1283 4156 1327 4208 edi·

214 4230 274 4280 bont
290 4231 436 4297 theologiae
449 4248 471 4285 a.
481 4236 585 4286 Bittuart
599 4242 665 4287 1829.
678 4248 700 4286 c.
714 4239 744 4286 tt.

287 4309 337 4373 (at)
353 4314 411 4363 Lac.
421 4314 463 4364 cit.
475 4327 499 4365 n.
512 4321 579 4365 tota.
