2804 5062
145 363 213 435 bnt
337 382 400 435 ur.
421 383 457 437 u.
477 383 564 435 orer.
585 381 715 435 mrem.
737 382 778 433 nr
804 381 930 433 rorrsr.
951 380 1061 433 emur.

145 528 183 577 se
200 498 348 600 coniugii
367 501 546 577 convenire
563 501 716 589 nomine,
737 515 770 576 et
785 501 1026 574 severissimum
1037 525 1181 599 poenum
1194 516 1247 575 rto

144 620 225 704 tait,
254 617 389 718 siquis
415 632 576 697 temerare
600 634 705 691 ausus
730 631 822 691 esset
847 614 987 690 fratrum
1014 614 1074 717 piu
1099 616 1249 716 pignora,

61 744 67 756 '
143 750 176 808 et
193 749 305 809 tamen
324 732 374 805 illi
392 732 536 807 invicem
554 731 620 807 sibi
638 731 798 832 aequales
811 745 910 820 sunt;
927 731 1167 807 tantummodo
1184 732 1253 832 quia

143 848 404 950 propinquitatis
417 847 667 923 necessitudine
678 904 687 935 ‚
700 863 735 925 et
747 846 911 921 fraternae
921 846 1096 921 societatis
1115 844 1254 944 ligantur

142 963 293 1052 vinculo,
325 962 439 1062 pietati
464 988 523 1037 eos
547 961 654 1037 voluit
678 961 819 1052 debere,
847 961 939 1063 quod
964 963 1034 1037 nati
1058 977 1143 1038 suut
1171 966 1252 1060 (ἣν

217 1080 268 1155 Ex
293 1079 349 1154 his
375 1078 443 1154 duo
467 1078 654 1155 babemus:
675 1079 784 1179 primo
808 1077 901 1178 quod
916 1078 1117 1176 ooniugium
1135 1077 1181 1153 de
1196 1103 1255 1180 quo

144 1192 309 1292 agebatur
325 1193 394 1267 iam
412 1193 562 1267 fueritin
579 1192 724 1269 eeclesia
742 1191 966 1293 prohibitum,
985 1208 1020 1267 et
1043 1193 1096 1267 ita
1111 1209 1152 1267 ut
1168 1193 1256 1269 morit

146 1308 311 1382 haetenus
337 1307 544 1381 inauditnm:
574 1307 744 1396 seeundo,
770 1308 862 1408 quod
888 1335 918 1383 s.
939 1307 1144 1383 Ambrosius
1173 1307 1255 1382 nullo

145 1423 247 1498 modo
277 1448 320 1496 ex
351 1422 425 1520 lege
455 1422 676 1497 theodosiana
707 1422 799 1498 illam
828 1422 1093 1524 prohibitionem
1120 1423 1254 1524 repetie-

146 1539 200 1612 rit.
229 1538 391 1640 Adeoque
415 1539 481 1612 iam
506 1564 547 1612 ox
572 1537 637 1613 boo
661 1553 757 1639 patre
780 1554 894 1615 nostru
919 1537 1027 1613 tbesis
1052 1538 1220 1633 firmatur.

218 1652 327 1742 Alter,
356 1679 478 1754 nempe
503 1681 533 1729 s.
554 1653 780 1752 Augustinus,
808 1654 856 1729 ita
879 1655 922 1730 ad
948 1680 1020 1728 rem
1046 1680 1149 1729 suam
1164 1652 1255 1729 allor-

146 1787 199 1845 tur
215 1796 237 1845 a
252 1769 302 1843 lle
319 1769 493 1844 Dominis:
513 1769 596 1843 «sto
607 1770 711 1844 etiam
730 1769 954 1867 Augustinus,
973 1786 1014 1843 ut
1028 1769 1173 1845 eosdem
1190 1795 1255 1869 gre

145 1885 210 1960 due
236 1883 411 1972 exoludat;
439 1884 566 1986 pluries
591 1882 776 1984 amplificat
799 1885 1037 1983 congruentiae
1055 1886 1252 1987 aequitatis;

146 2026 208 2075 neo
229 2000 304 2098 lego
325 2000 555 2075 ecclesiastiea
577 2025 762 2099 quicquam
785 2016 920 2075 cautum
944 2000 1094 2101 profert:
1115 2028 1196 2077 uam
1212 2026 1255 2076 se·

145 2114 298 2190 eundum·
327 2115 469 2212 gradum
495 2113 752 2189 transversalem
779 2114 866 2189 inter
890 2112 1059 2214 patrueles
1086 2132 1255 2210 etoonso

144 2230 262 2313 brinno
292 2232 388 2330 prius
412 2230 566 2319 licitum,
596 2229 664 2303 iam
688 2229 821 2328 legibus
854 2228 1060 2329 prohibitum
1088 2231 1253 2306 affirmat:

150 2346 339 2446 «Reperti,
357 2346 486 2446 inquit,
501 2371 613 2419 eumne
626 2346 661 2418 in
674 2345 843 2419 manubiis
860 2344 1147 2434 uoruobrinorum,
1168 2349 1255 2421 eti’on

145 2463 265 2535 nostris
293 2461 506 2560 temporibus,
531 2474 666 2558 propter
689 2458 831 2559 produnt
843 2460 1105 2558 propinquitatis
1118 2462 1253 2560 [raian

145 2576 268 2674 gradui
287 2579 496 2674 prosimam,
525 2602 624 2673 quom
639 2602 715 2649 raro
732 2602 793 2674 per
814 2602 933 2649 uxores
952 2576 1067 2675 fiebat,
1091 2576 1182 2675 qnod
1194 2577 1255 2676 fieri

141 2719 204 2791 per
226 2692 311 2789 leges
335 2692 467 2776 licebat,
496 2695 577 2790 quio
596 2691 632 2764 id
653 2718 709 2763 neo
726 2690 842 2764 divino
862 2692 1052 2789 prohibuit,
1075 2708 1107 2765 et
1123 2693 1254 2768 nondun

142 2807 356 2904 probibaerot
381 2807 435 2880 len
460 2808 604 2880 bumana
628 2810 692 2902 (b).
709 2806 818 2881 Audio
839 2806 952 2882 adhuo
971 2807 1157 2905 Augustini
1184 2827 1253 2883 tem·

147 2943 254 3020 poro,
275 2921 424 3019 prolecto
449 2920 652 2995 christianos
680 2921 893 2996 matrimonia
918 2923 953 2992 in
979 2922 1133 2999 secundo
1159 2923 1253 3022 gradu

149 3036 368 3122 transversali
396 3037 556 3125 inivisse,
579 3054 612 3111 et
628 3037 693 3111 hoc
715 3054 794 3110 tuno
818 3063 927 3137 neque
947 3036 1065 3112 divina
1090 3038 1186 3137 lege,
1206 3065 1252 3112 ne

148 3174 214 3251 que
241 3151 389 3226 humanu
415 3152 522 3227 luisse
546 3151 752 3253 prohibitum
769 3156 858 3249 (b).n

203 3268 373 3351 ,Attamen
400 3294 511 3368 neque
537 3294 566 3342 s.
592 3268 801 3367 Augustinus
826 3269 1020 3343 adversario
1047 3270 1163 3359 farm,
1193 3287 1252 3343 tun

147 3384 228 3484 quia
252 3385 326 3484 ipse
350 3384 500 3485 loquitur
526 3385 560 3456 in
586 3411 714 3481 genero·
733 3384 775 3458 do
800 3384 994 3459 hominibus
1025 3386 1130 3460 etiam
1162 3411 1250 3487 paga·

147 3499 223 3586 nis,
254 3498 378 3597 quibus
404 3500 533 3573 horrori
563 3500 696 3572 suerunt
721 3499 888 3573 connubia
913 3500 999 3574 inter
1024 3501 1147 3575 iratres
1165 3520 1252 3575 etso

147 3639 260 3700 rores,
281 3640 369 3713 quae
389 3613 507 3686 mundi
533 3614 727 3714 primordiis
753 3616 952 3690 necessitate
974 3616 1172 3716 impellente
1189 3620 1251 3690 iun·

145 3728 328 3826 gabantur,
358 3730 490 3802 etiamsi
517 3755 537 3801 a
563 3728 656 3802 nulla
691 3730 835 3829 positiva
869 3730 942 3828 lege
975 3731 1248 3831 prohiberentur,

146 3861 245 3943 prout
257 3844 358 3917 etiam
378 3871 451 3919 raro
469 3846 556 3919 inter
572 3846 792 3921 consobrinos
810 3845 1067 3921 celebrabantur
1084 3849 1247 3946 coniugia:

146 3983 222 4029 roro
233 3985 295 4057 per
309 3985 412 4032 mores
429 3960 544 4058 fiebat,
567 3959 653 4059 qnod
669 3961 743 4058 fieri
754 3987 816 4058 per
834 3962 918 4059 legen
937 3962 1074 4049 lioebot;
1095 3979 1165 4038 tum
1181 3960 1249 4063 quir

218 4181 252 4242 (t)
269 4180 345 4245 Epist.
358 4184 409 4233 Lx.
423 4183 680 4235 nannetensem.
697 4192 765 4236 1019.

217 4260 253 4400 pp}
267 4259 322 4389 llpiq.
338 4263 389 4311 XV.
402 4264 436 4312 De
452 4262 521 4312 citit.
534 4262 579 4312 Dei
589 4275 641 4326 nep.
653 4265 717 4313 ΠΙ.
