2804 5062
128 111 194 158 err.
209 109 244 158 ιι.
257 108 299 156 nr
313 105 403 157 rect.
417 65 543 158 uerter.
556 107 666 157 cousr.
679 108 745 158 ιιι».
760 109 854 158 utre.
864 110 929 162 ora.
944 111 1013 160 rar.
1026 113 1048 162 r.
1112 92 1156 161 ll

64 229 150 300 rodi
173 226 325 326 quodam
352 225 453 299 modo
476 225 580 298 totius
596 227 841 299 controversiae
863 227 1024 300 ambitum
1049 231 1160 328 primo

63 341 232 443 complecti,
244 340 375 414 deinde
392 341 465 413 suis
482 340 566 413 locis
584 340 719 437 singula
733 342 902 440 persequi.
922 342 1038 442 ltaque
1051 344 1159 443 primo

63 482 191 530 oneres
210 456 403 539 tridentini,
433 455 491 555 qui
518 455 584 529 buc
602 456 791 556 pertinent,
815 457 941 557 quiq-ue
962 477 1040 532 sunt
1056 460 1158 533 ueluti

62 573 148 646 cerdo
167 572 400 672 quaestionis,
431 572 641 669 expendendi
670 589 759 645 sunt.

470 783 676 839 ARTlCULUS
695 784 731 838 ll.

64 978 182 1039 Potestas
201 977 350 1040 Ecclesiae
370 978 563 1039 constituendi
580 980 783 1056 impedimenta
804 981 967 1041 dirimentis
990 980 1154 1059 doanatr'cc

118 1077 238 1137 deflnltn
259 1080 369 1136 censeri
394 1076 478 1135 debet
501 1079 529 1134 ln
548 1077 679 1136 concillo
697 1077 865 1136 Tridentino
882 1080 956 1137 Can.
976 1079 1029 1137 lll.
1053 1086 1081 1138 et
1098 1080 1150 1139 lv.

118 1173 263 1234 Senslouls
283 1173 391 1232 XXIV.

122 1373 314 1448 Tridentini
342 1399 441 1473 porro
466 1376 666 1448 canonesde
690 1375 961 1475 quibusagitur‚
986 1377 1085 1449 itase
1102 1376 1160 1448 ba·

58 1489 145 1564 lent:
167 1491 230 1562 lll.
252 1519 270 1557 α
287 1489 321 1560 Si
340 1489 419 1588 quis
436 1488 557 1562 dixerit
572 1516 629 1562 ecs
649 1507 775 1563 tantum
793 1490 1111 1588 consanguineitatis
1128 1505 1161 1562 et

58 1606 229 1678 affinitatis
256 1604 412 1703 gradus,
446 1606 504 1703 qui
529 1606 674 1679 Levitico
698 1607 949 1704 exprimuntur,
977 1631 1078 1704 posse
1103 1605 1162 1676 im·

61 1722 172 1818 pedire
194 1719 446 1792 matrimonium
475 1718 758 1806 contrabendum,
789 1735 822 1792 et
845 1719 1002 1791 dirimere
1028 1733 1162 1791 contra·

60 1853 173 1921 ctnm;
199 1860 262 1907 aec
288 1859 390 1931 posse
413 1833 588 1907 ecclesiam
618 1835 653 1905 in
679 1833 848 1907 nonnuliis
874 1833 1005 1906 illorum
1028 1833 1162 1933 dispen-

61 1978 155 2036 sare,
180 1967 243 2023 ent
265 1949 493 2035 constituere,
517 1965 555 2022 ut
579 1950 693 2048 plures
719 1949 904 2048 impediant
927 1965 959 2021 et
976 1949 1158 2035 dirimant;

60 2067 170 2141 math.
190 2067 250 2139 sit.
270 2096 290 2134 ι
306 2065 359 2136 tv.
386 2064 453 2135 «si
472 2065 549 2163 quis
567 2065 703 2151 dixerit,
719 2064 897 2138 ecclesiam
923 2090 988 2137 non
1010 2064 1163 2163 potuisse

21 2272 22 2275 Ἴ
59 2183 258 2255 constituere
282 2178 523 2278 impedimenta
546 2180 796 2252 matrimonium
814 2179 1028 2265 dirimentia,
1056 2178 1108 2252 vel
1127 2178 1161 2249 in

60 2297 98 2369 iia
120 2294 370 2370 constituendis
400 2320 551 2380 errasse;
587 2293 701 2367 anath.
733 2295 788 2367 sit.
805 2324 821 2363 r
850 2294 951 2367 Hisce
976 2293 1162 2367 canonibus

60 2410 286 2484 controversia
307 2409 418 2483 omnis
437 2409 571 2507 penitus
597 2409 729 2482 sublata
745 2408 946 2496 uidebatur,
974 2409 1091 2483 saltem
1111 2436 1164 2509 pe

62 2553 114 2601 nes
135 2525 347 2611 catholicos,
375 2525 494 2623 quiin
521 2524 621 2598 rebus
647 2526 724 2598 fidei
751 2552 941 2598 aemorum
968 2527 1164 2600 auctoritate

63 2643 222 2716 ecclesiae
255 2656 425 2738 reguntur.
455 2641 496 2713 At
518 2668 604 2740 quas
627 2642 768 2715 technas
799 2643 996 2742 pervicaces·
1010 2641 1164 2715 homines

64 2757 321 2856 excogitaverint
344 2773 381 2830 ut
406 2782 444 2829 se
468 2757 512 2830 ab
536 2784 575 2830 ea
597 2757 840 2845 subducerent,
869 2785 977 2856 nuper
1002 2758 1161 2829 diximus.

66 2874 100 2946 Ut
110 2900 171 2947 aas
184 2880 302 2971 itaque
313 2898 355 2944 ex
368 2872 503 2958 ordine,
516 2873 675 2946 distincte
688 2891 721 2947 et
734 2900 793 2971 per
805 2890 915 2973 partes
933 2871 1163 2955 disiioiamus,

64 2989 123 3063 duo
150 2988 285 3060 efficere
311 2987 376 3061 boc
401 2988 435 3059 in
461 2987 603 3061 articulo
627 2988 858 3085 aggredimur3
884 2990 991 3084 primo
1016 2984 1167 3059 ostende
1278 3020 1280 3026 ¹

64 3131 134 3177 mus
150 3103 325 3204 praefatos
339 3103 484 3176 canones
502 3130 578 3176 esse
599 3103 829 3200 dogmaticos,
855 3128 921 3174 non
942 3119 1052 3174 autem
1077 3127 1167 3174 mere

62 3218 321 3318 disciplinarcs,
340 3217 477 3290 seeundo
501 3218 672 3290 veritatem
690 3217 911 3314 dogmaticam
938 3217 972 3288 in
997 3217 1039 3290 iis
1061 3243 1169 3291 asser·

67 3349 126 3406 tam
148 3331 413 3406 vindicabimus.
436 3333 529 3406 Prior
549 3359 628 3432 pars
646 3350 697 3405 est
710 3333 871 3405 adversus
889 3333 1089 3419 Launoium,
1113 3358 1169 3431 po

64 3451 182 3523 sterior
206 3449 372 3521 adversus
390 3466 565 3522 novatores
590 3475 658 3522 seo.
675 3448 757 3520 XVl.

133 3563 307 3636 bannoius
321 3561 435 3661 itaque
457 3579 494 3635 ut
507 3562 660 3635 adstruat
675 3589 821 3637 canones
836 3564 879 3635 de
895 3562 1019 3663 quibus
1037 3562 1169 3658 agimus

67 3678 204 3749 minime
226 3701 305 3750 esse
336 3675 568 3772 dogmaticos,
597 3677 759 3750 adnititur
791 3676 967 3750 ostendere
997 3676 1030 3746 id
1058 3673 1169 3769 colligi

68 3817 130 3862 non
155 3817 261 3891 posse
285 3817 326 3864 ex
352 3791 564 3866 anathemate
586 3819 654 3892 quo
674 3793 872 3866 communiti
894 3807 982 3864 sunt.
1009 3791 1165 3874 «Porro,

71 3905 207 3993 scribit,
231 3931 298 3978 non
324 3922 401 3979 ante
419 3905 530 3979 tollam
557 3922 690 3979 manum
712 3908 754 3980 de
780 3905 916 3991 tabula,
942 3930 1042 4004 quam
1060 3903 1172 3977 obser-

71 4021 209 4093 vaverim
229 4047 288 4094 eos
307 4019 377 4092 falli
401 4020 563 4116 graviter,
592 4021 649 4119 qui
672 4038 804 4121 propter
821 4020 947 4092 dictum
973 4019 1168 4103 anathema,
