<?xml version="1.0" encoding="UTF-8"?>
<!DOCTYPE html PUBLIC "-//W3C//DTD XHTML 1.0 Transitional//EN"
    "http://www.w3.org/TR/xhtml1/DTD/xhtml1-transitional.dtd">
<html xmlns="http://www.w3.org/1999/xhtml" xml:lang="en" lang="en">
 <head>
  <title>
</title>
<meta http-equiv="Content-Type" content="text/html;charset=utf-8" />
  <meta name='ocr-system' content='tesseract 3.04.00' />
  <meta name='ocr-capabilities' content='ocr_page ocr_carea ocr_par ocr_line ocrx_word'/>
</head>
<body>
  <div class='ocr_page' id='page_1' title='image "./dematrimoniochr02perrgoog_0478.png"; bbox 0 0 2804 5062; ppageno 0'>
   <div class='ocr_carea' id='block_1_1' title="bbox 130 351 1182 425">
    <p class='ocr_par' dir='ltr' id='par_1_1' title="bbox 130 351 1182 425">
     <span class='ocr_line' id='line_1_1' title="bbox 130 351 1182 425; baseline 0.009 -11"><span class='ocrx_word' id='word_1_1' title='bbox 130 365 200 415; x_wconf 77' lang='lat' dir='ltr'><strong>car.</strong></span> <span class='ocrx_word' id='word_1_2' title='bbox 214 364 260 415; x_wconf 94' lang='grc' dir='ltr'><strong>ιιι.</strong></span> <span class='ocrx_word' id='word_1_3' title='bbox 275 365 314 414; x_wconf 83' lang='grc' dir='ltr'><strong>ιιι</strong></span> <span class='ocrx_word' id='word_1_4' title='bbox 328 364 392 415; x_wconf 84' lang='lat' dir='ltr'><strong>cru.</strong></span> <span class='ocrx_word' id='word_1_5' title='bbox 405 362 511 416; x_wconf 81' lang='lat' dir='ltr'><strong>noras.</strong></span> <span class='ocrx_word' id='word_1_6' title='bbox 526 366 840 420; x_wconf 66' lang='lat' dir='ltr'><strong>succurrerem</strong></span> <span class='ocrx_word' id='word_1_7' title='bbox 855 372 949 423; x_wconf 75' lang='lat' dir='ltr'><strong>uara.</strong></span> <span class='ocrx_word' id='word_1_8' title='bbox 964 374 1033 424; x_wconf 85' lang='lat' dir='ltr'><strong>mr.</strong></span> <span class='ocrx_word' id='word_1_9' title='bbox 1047 375 1082 425; x_wconf 85' lang='grc' dir='ltr'><strong>ιι.</strong></span> <span class='ocrx_word' id='word_1_10' title='bbox 1115 351 1182 424; x_wconf 78' lang='lat' dir='ltr'><strong>ttt</strong></span> 
     </span>
    </p>
   </div>
   <div class='ocr_carea' id='block_1_2' title="bbox 63 482 1213 3702">
    <p class='ocr_par' dir='ltr' id='par_1_2' title="bbox 63 482 1213 3702">
     <span class='ocr_line' id='line_1_2' title="bbox 72 482 1184 590; baseline 0.01 -36"><span class='ocrx_word' id='word_1_11' title='bbox 72 482 227 556; x_wconf 77' lang='lat' dir='ltr'><strong>Attamen</strong></span> <span class='ocrx_word' id='word_1_12' title='bbox 253 482 524 584; x_wconf 89' lang='lat' dir='ltr'><strong>respondendum</strong></span> <span class='ocrx_word' id='word_1_13' title='bbox 550 485 766 585; x_wconf 75' lang='lat' dir='ltr'><strong>osfimnctice:</strong></span> <span class='ocrx_word' id='word_1_14' title='bbox 786 513 861 562; x_wconf 90' lang='lat' dir='ltr'><strong>oum</strong></span> <span class='ocrx_word' id='word_1_15' title='bbox 887 516 977 564; x_wconf 90' lang='lat' dir='ltr'><strong>emm</strong></span> <span class='ocrx_word' id='word_1_16' title='bbox 1003 490 1067 590; x_wconf 85' lang='lat' dir='ltr'><strong>legi</strong></span> <span class='ocrx_word' id='word_1_17' title='bbox 1093 492 1184 568; x_wconf 84' lang='lat' dir='ltr'><strong>civili</strong></span> 
     </span>
     <span class='ocr_line' id='line_1_3' title="bbox 72 598 1184 707; baseline 0.009 -34"><span class='ocrx_word' id='word_1_18' title='bbox 72 598 284 673; x_wconf 80' lang='lat' dir='ltr'><strong>satisfactum</strong></span> <span class='ocrx_word' id='word_1_19' title='bbox 309 599 372 687; x_wconf 91' lang='lat' dir='ltr'><strong>sit,</strong></span> <span class='ocrx_word' id='word_1_20' title='bbox 401 625 489 699; x_wconf 86' lang='lat' dir='ltr'><strong>quaa</strong></span> <span class='ocrx_word' id='word_1_21' title='bbox 513 600 600 672; x_wconf 92' lang='lat' dir='ltr'><strong>nihil</strong></span> <span class='ocrx_word' id='word_1_22' title='bbox 625 603 771 704; x_wconf 89' lang='lat' dir='ltr'><strong>amplius</strong></span> <span class='ocrx_word' id='word_1_23' title='bbox 796 605 918 704; x_wconf 80' lang='lat' dir='ltr'>exigit,</span> <span class='ocrx_word' id='word_1_24' title='bbox 939 608 967 681; x_wconf 91' lang='lat' dir='ltr'><strong>si</strong></span> <span class='ocrx_word' id='word_1_25' title='bbox 988 609 1112 707; x_wconf 89' lang='lat' dir='ltr'><strong>pariter</strong></span> <span class='ocrx_word' id='word_1_26' title='bbox 1129 635 1184 683; x_wconf 89' lang='lat' dir='ltr'><strong>sa·</strong></span> 
     </span>
     <span class='ocr_line' id='line_1_4' title="bbox 71 711 1190 810; baseline 0.004 -24"><span class='ocrx_word' id='word_1_27' title='bbox 71 712 178 786; x_wconf 87' lang='lat' dir='ltr'><strong>tisfiat</strong></span> <span class='ocrx_word' id='word_1_28' title='bbox 202 711 267 810; x_wconf 77' lang='lat' dir='ltr'><strong>legi</strong></span> <span class='ocrx_word' id='word_1_29' title='bbox 293 713 471 810; x_wconf 80' lang='lat' dir='ltr'>religiosae</span> <span class='ocrx_word' id='word_1_30' title='bbox 495 714 580 787; x_wconf 88' lang='lat' dir='ltr'>nihil</span> <span class='ocrx_word' id='word_1_31' title='bbox 607 741 673 789; x_wconf 84' lang='lat' dir='ltr'><strong>iam</strong></span> <span class='ocrx_word' id='word_1_32' title='bbox 699 717 910 795; x_wconf 87' lang='lat' dir='ltr'><strong>matrimonio</strong></span> <span class='ocrx_word' id='word_1_33' title='bbox 935 720 1077 795; x_wconf 89' lang='lat' dir='ltr'><strong>deerit.»</strong></span> <span class='ocrx_word' id='word_1_34' title='bbox 1185 746 1190 753; x_wconf 87' lang='grc'><em>·</em></span> 
     </span>
     <span class='ocr_line' id='line_1_5' title="bbox 149 828 1185 936; baseline 0.012 -38"><span class='ocrx_word' id='word_1_35' title='bbox 149 829 226 901; x_wconf 77' lang='lat' dir='ltr'><strong>«Et</strong></span> <span class='ocrx_word' id='word_1_36' title='bbox 243 854 334 916; x_wconf 83' lang='lat' dir='ltr'><strong>uero,</strong></span> <span class='ocrx_word' id='word_1_37' title='bbox 358 828 491 918; x_wconf 81' lang='lat' dir='ltr'><strong>subdit,</strong></span> <span class='ocrx_word' id='word_1_38' title='bbox 519 830 572 904; x_wconf 81' lang='lat' dir='ltr'><strong>vel</strong></span> <span class='ocrx_word' id='word_1_39' title='bbox 599 829 767 906; x_wconf 88' lang='lat' dir='ltr'><strong>nullitates</strong></span> <span class='ocrx_word' id='word_1_40' title='bbox 784 833 969 933; x_wconf 90' lang='lat' dir='ltr'><strong>dequibus</strong></span> <span class='ocrx_word' id='word_1_41' title='bbox 995 836 1050 911; x_wconf 89' lang='lat' dir='ltr'><strong>bic</strong></span> <span class='ocrx_word' id='word_1_42' title='bbox 1073 839 1185 936; x_wconf 85' lang='lat' dir='ltr'><strong>agitur</strong></span> 
     </span>
     <span class='ocr_line' id='line_1_6' title="bbox 70 932 1184 1053; baseline 0.011 -37"><span class='ocrx_word' id='word_1_43' title='bbox 70 943 240 1017; x_wconf 88' lang='lat' dir='ltr'><strong>habentur</strong></span> <span class='ocrx_word' id='word_1_44' title='bbox 264 957 392 1016; x_wconf 89' lang='lat' dir='ltr'><strong>tantum</strong></span> <span class='ocrx_word' id='word_1_45' title='bbox 417 932 454 1019; x_wconf 88' lang='lat' dir='ltr'><strong>ut</strong></span> <span class='ocrx_word' id='word_1_46' title='bbox 479 945 748 1035; x_wconf 79' lang='lat' dir='ltr'><strong>conditionatos,</strong></span> <span class='ocrx_word' id='word_1_47' title='bbox 776 946 828 1021; x_wconf 83' lang='lat' dir='ltr'><strong>uel</strong></span> <span class='ocrx_word' id='word_1_48' title='bbox 854 948 1086 1024; x_wconf 80' lang='lat' dir='ltr'><strong>existimantur</strong></span> <span class='ocrx_word' id='word_1_49' title='bbox 1107 979 1184 1053; x_wconf 88' lang='lat' dir='ltr'><strong>pro·</strong></span> 
     </span>
     <span class='ocr_line' id='line_1_7' title="bbox 70 1057 1179 1162; baseline 0.009 -30"><span class='ocrx_word' id='word_1_50' title='bbox 70 1059 195 1132; x_wconf 89' lang='lat' dir='ltr'><strong>ducere</strong></span> <span class='ocrx_word' id='word_1_51' title='bbox 210 1057 366 1132; x_wconf 86' lang='lat' dir='ltr'><strong>ellectum</strong></span> <span class='ocrx_word' id='word_1_52' title='bbox 384 1058 587 1134; x_wconf 88' lang='lat' dir='ltr'><strong>absolutum.</strong></span> <span class='ocrx_word' id='word_1_53' title='bbox 608 1061 643 1133; x_wconf 88' lang='lat' dir='ltr'><strong>Si</strong></span> <span class='ocrx_word' id='word_1_54' title='bbox 662 1063 791 1162; x_wconf 88' lang='lat' dir='ltr'><strong>primo,</strong></span> <span class='ocrx_word' id='word_1_55' title='bbox 808 1063 901 1137; x_wconf 91' lang='lat' dir='ltr'><strong>nulla</strong></span> <span class='ocrx_word' id='word_1_56' title='bbox 912 1081 965 1138; x_wconf 91' lang='lat' dir='ltr'><strong>est</strong></span> <span class='ocrx_word' id='word_1_57' title='bbox 976 1065 1179 1156; x_wconf 81' lang='lat' dir='ltr'><strong>difficultas</strong></span> 
     </span>
     <span class='ocr_line' id='line_1_8' title="bbox 69 1173 1178 1280; baseline 0.006 -33"><span class='ocrx_word' id='word_1_58' title='bbox 69 1173 249 1248; x_wconf 84' lang='lat' dir='ltr'><strong>deliciante</strong></span> <span class='ocrx_word' id='word_1_59' title='bbox 262 1175 351 1247; x_wconf 89' lang='lat' dir='ltr'><strong>enim</strong></span> <span class='ocrx_word' id='word_1_60' title='bbox 369 1175 580 1263; x_wconf 90' lang='lat' dir='ltr'><strong>conditione,</strong></span> <span class='ocrx_word' id='word_1_61' title='bbox 595 1177 847 1251; x_wconf 80' lang='lat' dir='ltr'><strong>matrimonium</strong></span> <span class='ocrx_word' id='word_1_62' title='bbox 862 1180 975 1254; x_wconf 90' lang='lat' dir='ltr'><strong>statim</strong></span> <span class='ocrx_word' id='word_1_63' title='bbox 987 1181 1075 1256; x_wconf 87' lang='lat' dir='ltr'><strong>ualet</strong></span> <span class='ocrx_word' id='word_1_64' title='bbox 1090 1187 1178 1280; x_wconf 83' lang='lat' dir='ltr'><strong>(itt).</strong></span> 
     </span>
     <span class='ocr_line' id='line_1_9' title="bbox 69 1289 1184 1391; baseline 0.01 -29"><span class='ocrx_word' id='word_1_65' title='bbox 69 1289 163 1363; x_wconf 90' lang='lat' dir='ltr'><strong>ldem</strong></span> <span class='ocrx_word' id='word_1_66' title='bbox 177 1289 378 1375; x_wconf 89' lang='lat' dir='ltr'><strong>dicendum,</strong></span> <span class='ocrx_word' id='word_1_67' title='bbox 395 1291 425 1364; x_wconf 91' lang='lat' dir='ltr'><strong>si</strong></span> <span class='ocrx_word' id='word_1_68' title='bbox 440 1290 688 1391; x_wconf 89' lang='lat' dir='ltr'><strong>impedimentis</strong></span> <span class='ocrx_word' id='word_1_69' title='bbox 701 1292 868 1367; x_wconf 85' lang='lat' dir='ltr'><strong>tribuatur</strong></span> <span class='ocrx_word' id='word_1_70' title='bbox 884 1296 936 1368; x_wconf 88' lang='lat' dir='ltr'><strong>vis</strong></span> <span class='ocrx_word' id='word_1_71' title='bbox 954 1299 1184 1373; x_wconf 90' lang='lat' dir='ltr'><strong>tantummodo</strong></span> 
     </span>
     <span class='ocr_line' id='line_1_10' title="bbox 68 1404 1184 1508; baseline 0.006 -29"><span class='ocrx_word' id='word_1_72' title='bbox 68 1404 284 1505; x_wconf 83' lang='lat' dir='ltr'><strong>suspensiva.</strong></span> <span class='ocrx_word' id='word_1_73' title='bbox 306 1405 341 1475; x_wconf 89' lang='lat' dir='ltr'><strong>Si</strong></span> <span class='ocrx_word' id='word_1_74' title='bbox 356 1405 526 1492; x_wconf 89' lang='lat' dir='ltr'><strong>secundo,</strong></span> <span class='ocrx_word' id='word_1_75' title='bbox 548 1405 600 1479; x_wconf 82' lang='lat' dir='ltr'><strong>len</strong></span> <span class='ocrx_word' id='word_1_76' title='bbox 625 1408 773 1508; x_wconf 86' lang='lat' dir='ltr'><strong>prolecto</strong></span> <span class='ocrx_word' id='word_1_77' title='bbox 797 1433 858 1482; x_wconf 90' lang='lat' dir='ltr'><strong>neo</strong></span> <span class='ocrx_word' id='word_1_78' title='bbox 882 1408 987 1483; x_wconf 86' lang='lat' dir='ltr'><strong>uoluit</strong></span> <span class='ocrx_word' id='word_1_79' title='bbox 1012 1437 1073 1486; x_wconf 90' lang='lat' dir='ltr'><strong>neo</strong></span> <span class='ocrx_word' id='word_1_80' title='bbox 1098 1413 1184 1487; x_wconf 78' lang='lat' dir='ltr'><strong>velle</strong></span> 
     </span>
     <span class='ocr_line' id='line_1_11' title="bbox 69 1518 1184 1620; baseline 0.006 -27"><span class='ocrx_word' id='word_1_81' title='bbox 69 1519 199 1620; x_wconf 87' lang='lat' dir='ltr'><strong>potuit,</strong></span> <span class='ocrx_word' id='word_1_82' title='bbox 229 1535 267 1593; x_wconf 88' lang='lat' dir='ltr'><strong>ut</strong></span> <span class='ocrx_word' id='word_1_83' title='bbox 291 1543 455 1619; x_wconf 84' lang='lat' dir='ltr'><strong>personae</strong></span> <span class='ocrx_word' id='word_1_84' title='bbox 486 1518 563 1592; x_wconf 91' lang='lat' dir='ltr'><strong>illae</strong></span> <span class='ocrx_word' id='word_1_85' title='bbox 590 1520 624 1592; x_wconf 92' lang='lat' dir='ltr'><strong>in</strong></span> <span class='ocrx_word' id='word_1_86' title='bbox 651 1535 812 1620; x_wconf 88' lang='lat' dir='ltr'><strong>perpetuo</strong></span> <span class='ocrx_word' id='word_1_87' title='bbox 837 1521 1061 1597; x_wconf 84' lang='lat' dir='ltr'><strong>concubinatu</strong></span> <span class='ocrx_word' id='word_1_88' title='bbox 1091 1525 1184 1600; x_wconf 82' lang='lat' dir='ltr'><strong>uiue·</strong></span> 
     </span>
     <span class='ocr_line' id='line_1_12' title="bbox 68 1634 1184 1734; baseline 0.004 -26"><span class='ocrx_word' id='word_1_89' title='bbox 68 1650 161 1710; x_wconf 88' lang='lat' dir='ltr'><strong>rent:</strong></span> <span class='ocrx_word' id='word_1_90' title='bbox 181 1659 258 1708; x_wconf 92' lang='lat' dir='ltr'><strong>cum</strong></span> <span class='ocrx_word' id='word_1_91' title='bbox 279 1660 359 1733; x_wconf 83' lang='lat' dir='ltr'><strong>ergo</strong></span> <span class='ocrx_word' id='word_1_92' title='bbox 383 1661 424 1707; x_wconf 86' lang='lat' dir='ltr'><strong>ex</strong></span> <span class='ocrx_word' id='word_1_93' title='bbox 449 1650 630 1734; x_wconf 84' lang='lat' dir='ltr'><strong>partesue</strong></span> <span class='ocrx_word' id='word_1_94' title='bbox 655 1634 742 1707; x_wconf 90' lang='lat' dir='ltr'><strong>nihil</strong></span> <span class='ocrx_word' id='word_1_95' title='bbox 766 1636 877 1734; x_wconf 83' lang='lat' dir='ltr'><strong>exigat</strong></span> <span class='ocrx_word' id='word_1_96' title='bbox 900 1637 944 1711; x_wconf 91' lang='lat' dir='ltr'><strong>ad</strong></span> <span class='ocrx_word' id='word_1_97' title='bbox 970 1639 1184 1712; x_wconf 82' lang='lat' dir='ltr'><strong>revalidstio·</strong></span> 
     </span>
     <span class='ocr_line' id='line_1_13' title="bbox 68 1749 1183 1853; baseline 0.004 -30"><span class='ocrx_word' id='word_1_98' title='bbox 68 1776 169 1836; x_wconf 91' lang='lat' dir='ltr'><strong>nem,</strong></span> <span class='ocrx_word' id='word_1_99' title='bbox 197 1773 312 1823; x_wconf 89' lang='lat' dir='ltr'><strong>earam</strong></span> <span class='ocrx_word' id='word_1_100' title='bbox 337 1749 563 1824; x_wconf 83' lang='lat' dir='ltr'><strong>conscientiae</strong></span> <span class='ocrx_word' id='word_1_101' title='bbox 586 1774 701 1823; x_wconf 88' lang='lat' dir='ltr'><strong>curam</strong></span> <span class='ocrx_word' id='word_1_102' title='bbox 729 1751 858 1824; x_wconf 84' lang='lat' dir='ltr'><strong>remisit</strong></span> <span class='ocrx_word' id='word_1_103' title='bbox 877 1777 918 1824; x_wconf 88' lang='lat' dir='ltr'><strong>ea</strong></span> <span class='ocrx_word' id='word_1_104' title='bbox 943 1751 1065 1849; x_wconf 83' lang='lat' dir='ltr'><strong>egendi</strong></span> <span class='ocrx_word' id='word_1_105' title='bbox 1095 1779 1183 1853; x_wconf 88' lang='lat' dir='ltr'><strong>quas</strong></span> 
     </span>
     <span class='ocr_line' id='line_1_14' title="bbox 67 1865 1184 1966; baseline 0.002 -27"><span class='ocrx_word' id='word_1_106' title='bbox 67 1868 177 1942; x_wconf 79' lang='lat' dir='ltr'><strong>forant</strong></span> <span class='ocrx_word' id='word_1_107' title='bbox 194 1866 402 1954; x_wconf 85' lang='lat' dir='ltr'><strong>necessaria,</strong></span> <span class='ocrx_word' id='word_1_108' title='bbox 418 1881 456 1938; x_wconf 91' lang='lat' dir='ltr'><strong>ut</strong></span> <span class='ocrx_word' id='word_1_109' title='bbox 466 1891 545 1939; x_wconf 89' lang='lat' dir='ltr'><strong>vere</strong></span> <span class='ocrx_word' id='word_1_110' title='bbox 561 1890 672 1939; x_wconf 87' lang='lat' dir='ltr'><strong>coram</strong></span> <span class='ocrx_word' id='word_1_111' title='bbox 682 1865 753 1939; x_wconf 89' lang='lat' dir='ltr'><strong>Deo</strong></span> <span class='ocrx_word' id='word_1_112' title='bbox 769 1867 1061 1964; x_wconf 78' lang='lat' dir='ltr'><strong>coniungerentur.</strong></span> <span class='ocrx_word' id='word_1_113' title='bbox 1079 1869 1184 1966; x_wconf 80' lang='lat' dir='ltr'><strong>Igitur</strong></span> 
     </span>
     <span class='ocr_line' id='line_1_15' title="bbox 68 1979 1184 2083; baseline 0.002 -28"><span class='ocrx_word' id='word_1_114' title='bbox 68 1998 206 2083; x_wconf 87' lang='lat' dir='ltr'><strong>peracta</strong></span> <span class='ocrx_word' id='word_1_115' title='bbox 219 1980 442 2055; x_wconf 82' lang='lat' dir='ltr'><strong>celebratione</strong></span> <span class='ocrx_word' id='word_1_116' title='bbox 459 1979 636 2078; x_wconf 82' lang='lat' dir='ltr'><strong>religiosa,</strong></span> <span class='ocrx_word' id='word_1_117' title='bbox 654 1980 837 2079; x_wconf 89' lang='lat' dir='ltr'><strong>perlectum</strong></span> <span class='ocrx_word' id='word_1_118' title='bbox 850 1981 914 2053; x_wconf 91' lang='lat' dir='ltr'><strong>erit</strong></span> <span class='ocrx_word' id='word_1_119' title='bbox 926 1981 1017 2054; x_wconf 90' lang='lat' dir='ltr'><strong>omni</strong></span> <span class='ocrx_word' id='word_1_120' title='bbox 1031 2007 1072 2054; x_wconf 81' lang='lat' dir='ltr'><strong>ex</strong></span> <span class='ocrx_word' id='word_1_121' title='bbox 1089 2000 1184 2083; x_wconf 88' lang='lat' dir='ltr'><strong>parte</strong></span> 
     </span>
     <span class='ocr_line' id='line_1_16' title="bbox 65 2091 1106 2193; baseline -0.007 -22"><span class='ocrx_word' id='word_1_122' title='bbox 65 2095 341 2182; x_wconf 66' lang='lat' dir='ltr'><strong>matrimonium</strong></span> <span class='ocrx_word' id='word_1_123' title='bbox 369 2094 459 2168; x_wconf 89' lang='lat' dir='ltr'><strong>banc</strong></span> <span class='ocrx_word' id='word_1_124' title='bbox 483 2093 624 2193; x_wconf 88' lang='lat' dir='ltr'><strong>proinde</strong></span> <span class='ocrx_word' id='word_1_125' title='bbox 648 2091 733 2165; x_wconf 90' lang='lat' dir='ltr'><strong>nibil</strong></span> <span class='ocrx_word' id='word_1_126' title='bbox 758 2091 899 2193; x_wconf 88' lang='lat' dir='ltr'><strong>impedit</strong></span> <span class='ocrx_word' id='word_1_127' title='bbox 914 2097 1029 2191; x_wconf 60' lang='lat' dir='ltr'><strong>(itti</strong></span> <span class='ocrx_word' id='word_1_128' title='bbox 1102 2102 1106 2107; x_wconf 82' lang='lat'>&#39;</span> 
     </span>
     <span class='ocr_line' id='line_1_17' title="bbox 143 2208 1182 2309; baseline 0.004 -27"><span class='ocrx_word' id='word_1_129' title='bbox 143 2210 228 2284; x_wconf 79' lang='lat' dir='ltr'><strong>Aliis</strong></span> <span class='ocrx_word' id='word_1_130' title='bbox 254 2208 377 2284; x_wconf 91' lang='lat' dir='ltr'><strong>deinde</strong></span> <span class='ocrx_word' id='word_1_131' title='bbox 400 2209 502 2282; x_wconf 88' lang='lat' dir='ltr'><strong>simili</strong></span> <span class='ocrx_word' id='word_1_132' title='bbox 536 2210 664 2283; x_wconf 87' lang='lat' dir='ltr'><strong>ratione</strong></span> <span class='ocrx_word' id='word_1_133' title='bbox 689 2232 755 2281; x_wconf 93' lang='lat' dir='ltr'><strong>non</strong></span> <span class='ocrx_word' id='word_1_134' title='bbox 782 2209 900 2308; x_wconf 91' lang='lat' dir='ltr'><strong>paucis</strong></span> <span class='ocrx_word' id='word_1_135' title='bbox 926 2210 1182 2309; x_wconf 87' lang='lat' dir='ltr'><strong>quaestionibus</strong></span> 
     </span>
     <span class='ocr_line' id='line_1_18' title="bbox 66 2322 1184 2427; baseline -0.004 -24"><span class='ocrx_word' id='word_1_136' title='bbox 66 2353 108 2403; x_wconf 87' lang='lat' dir='ltr'><strong>se</strong></span> <span class='ocrx_word' id='word_1_137' title='bbox 132 2325 283 2427; x_wconf 89' lang='lat' dir='ltr'><strong>implicat</strong></span> <span class='ocrx_word' id='word_1_138' title='bbox 307 2324 396 2399; x_wconf 91' lang='lat' dir='ltr'><strong>idem</strong></span> <span class='ocrx_word' id='word_1_139' title='bbox 422 2340 556 2412; x_wconf 85' lang='lat' dir='ltr'><strong>auctor,</strong></span> <span class='ocrx_word' id='word_1_140' title='bbox 586 2322 711 2423; x_wconf 89' lang='lat' dir='ltr'><strong>quibus</strong></span> <span class='ocrx_word' id='word_1_141' title='bbox 736 2322 908 2398; x_wconf 85' lang='lat' dir='ltr'><strong>soluendis</strong></span> <span class='ocrx_word' id='word_1_142' title='bbox 933 2341 991 2398; x_wconf 87' lang='lat' dir='ltr'><strong>sut</strong></span> <span class='ocrx_word' id='word_1_143' title='bbox 1014 2326 1048 2398; x_wconf 91' lang='lat' dir='ltr'><strong>in</strong></span> <span class='ocrx_word' id='word_1_144' title='bbox 1075 2353 1184 2425; x_wconf 83' lang='lat' dir='ltr'><strong>sngu-</strong></span> 
     </span>
     <span class='ocr_line' id='line_1_19' title="bbox 65 2439 1180 2539; baseline -0.001 -21"><span class='ocrx_word' id='word_1_145' title='bbox 65 2443 154 2518; x_wconf 89' lang='lat' dir='ltr'><strong>stias</strong></span> <span class='ocrx_word' id='word_1_146' title='bbox 178 2468 216 2516; x_wconf 91' lang='lat' dir='ltr'><strong>se</strong></span> <span class='ocrx_word' id='word_1_147' title='bbox 239 2441 385 2539; x_wconf 78' lang='lat' dir='ltr'><strong>redegit,</strong></span> <span class='ocrx_word' id='word_1_148' title='bbox 414 2455 473 2514; x_wconf 91' lang='lat' dir='ltr'><strong>aut</strong></span> <span class='ocrx_word' id='word_1_149' title='bbox 497 2467 563 2513; x_wconf 91' lang='lat' dir='ltr'><strong>non</strong></span> <span class='ocrx_word' id='word_1_150' title='bbox 589 2465 707 2539; x_wconf 91' lang='lat' dir='ltr'><strong>parum</strong></span> <span class='ocrx_word' id='word_1_151' title='bbox 734 2439 925 2514; x_wconf 88' lang='lat' dir='ltr'><strong>haerentem</strong></span> <span class='ocrx_word' id='word_1_152' title='bbox 953 2468 990 2515; x_wconf 91' lang='lat' dir='ltr'><strong>se</strong></span> <span class='ocrx_word' id='word_1_153' title='bbox 1013 2443 1180 2532; x_wconf 84' lang='lat' dir='ltr'><strong>ostendit,</strong></span> 
     </span>
     <span class='ocr_line' id='line_1_20' title="bbox 67 2555 1182 2655; baseline 0 -22"><span class='ocrx_word' id='word_1_154' title='bbox 67 2558 128 2633; x_wconf 71' lang='lat' dir='ltr'><strong>sut</strong></span> <span class='ocrx_word' id='word_1_155' title='bbox 153 2558 187 2630; x_wconf 93' lang='lat' dir='ltr'><strong>in</strong></span> <span class='ocrx_word' id='word_1_156' title='bbox 213 2583 372 2631; x_wconf 86' lang='lat' dir='ltr'><strong>erroneas</strong></span> <span class='ocrx_word' id='word_1_157' title='bbox 397 2557 581 2629; x_wconf 89' lang='lat' dir='ltr'><strong>sententias</strong></span> <span class='ocrx_word' id='word_1_158' title='bbox 607 2555 784 2655; x_wconf 79' lang='lat' dir='ltr'><strong>impingit3</strong></span> <span class='ocrx_word' id='word_1_159' title='bbox 805 2581 893 2655; x_wconf 92' lang='lat' dir='ltr'><strong>quae</strong></span> <span class='ocrx_word' id='word_1_160' title='bbox 910 2557 1046 2655; x_wconf 88' lang='lat' dir='ltr'><strong>quidem</strong></span> <span class='ocrx_word' id='word_1_161' title='bbox 1065 2585 1182 2633; x_wconf 88' lang='lat' dir='ltr'><strong>omnes</strong></span> 
     </span>
     <span class='ocr_line' id='line_1_21' title="bbox 66 2671 1181 2775; baseline 0.004 -30"><span class='ocrx_word' id='word_1_162' title='bbox 66 2673 215 2775; x_wconf 90' lang='lat' dir='ltr'><strong>pendent</strong></span> <span class='ocrx_word' id='word_1_163' title='bbox 227 2700 247 2746; x_wconf 83' lang='lat' dir='ltr'><strong>s</strong></span> <span class='ocrx_word' id='word_1_164' title='bbox 261 2671 365 2745; x_wconf 90' lang='lat' dir='ltr'><strong>semel</strong></span> <span class='ocrx_word' id='word_1_165' title='bbox 391 2673 573 2746; x_wconf 88' lang='lat' dir='ltr'><strong>constituto</strong></span> <span class='ocrx_word' id='word_1_166' title='bbox 597 2671 766 2770; x_wconf 89' lang='lat' dir='ltr'><strong>principio</strong></span> <span class='ocrx_word' id='word_1_167' title='bbox 779 2671 821 2743; x_wconf 92' lang='lat' dir='ltr'><strong>de</strong></span> <span class='ocrx_word' id='word_1_168' title='bbox 834 2687 997 2770; x_wconf 88' lang='lat' dir='ltr'><strong>potestate</strong></span> <span class='ocrx_word' id='word_1_169' title='bbox 1017 2674 1181 2774; x_wconf 90' lang='lat' dir='ltr'><strong>principis</strong></span> 
     </span>
     <span class='ocr_line' id='line_1_22' title="bbox 65 2786 1182 2892; baseline 0.002 -31"><span class='ocrx_word' id='word_1_170' title='bbox 65 2789 195 2892; x_wconf 87' lang='lat' dir='ltr'><strong>politici</strong></span> <span class='ocrx_word' id='word_1_171' title='bbox 219 2788 311 2886; x_wconf 85' lang='lat' dir='ltr'><strong>leges</strong></span> <span class='ocrx_word' id='word_1_172' title='bbox 336 2786 526 2875; x_wconf 88' lang='lat' dir='ltr'><strong>sanciendi,</strong></span> <span class='ocrx_word' id='word_1_173' title='bbox 547 2812 635 2887; x_wconf 87' lang='lat' dir='ltr'><strong>quae</strong></span> <span class='ocrx_word' id='word_1_174' title='bbox 653 2786 782 2859; x_wconf 90' lang='lat' dir='ltr'><strong>irritum</strong></span> <span class='ocrx_word' id='word_1_175' title='bbox 801 2786 924 2861; x_wconf 82' lang='lat' dir='ltr'><strong>iaciant</strong></span> <span class='ocrx_word' id='word_1_176' title='bbox 941 2813 1077 2862; x_wconf 90' lang='lat' dir='ltr'><strong>suorum</strong></span> <span class='ocrx_word' id='word_1_177' title='bbox 1101 2789 1182 2881; x_wconf 88' lang='lat' dir='ltr'><strong>sub-</strong></span> 
     </span>
     <span class='ocr_line' id='line_1_23' title="bbox 65 2901 1182 3003; baseline -0.002 -24"><span class='ocrx_word' id='word_1_178' title='bbox 65 2905 214 2980; x_wconf 87' lang='lat' dir='ltr'><strong>ditorum</strong></span> <span class='ocrx_word' id='word_1_179' title='bbox 234 2904 440 3001; x_wconf 81' lang='lat' dir='ltr'><strong>coniugium.</strong></span> <span class='ocrx_word' id='word_1_180' title='bbox 461 2902 517 2976; x_wconf 89' lang='lat' dir='ltr'><strong>Sic</strong></span> <span class='ocrx_word' id='word_1_181' title='bbox 542 2928 608 2977; x_wconf 91' lang='lat' dir='ltr'><strong>non</strong></span> <span class='ocrx_word' id='word_1_182' title='bbox 634 2917 767 2975; x_wconf 82' lang='lat' dir='ltr'><strong>veretur</strong></span> <span class='ocrx_word' id='word_1_183' title='bbox 785 2901 953 2976; x_wconf 82' lang='lat' dir='ltr'><strong>affirmare</strong></span> <span class='ocrx_word' id='word_1_184' title='bbox 973 2904 1016 2977; x_wconf 92' lang='lat' dir='ltr'><strong>ob</strong></span> <span class='ocrx_word' id='word_1_185' title='bbox 1039 2903 1182 3003; x_wconf 89' lang='lat' dir='ltr'><strong>impedi·</strong></span> 
     </span>
     <span class='ocr_line' id='line_1_24' title="bbox 64 3015 1213 3116; baseline -0.001 -22"><span class='ocrx_word' id='word_1_186' title='bbox 64 3036 180 3095; x_wconf 88' lang='lat' dir='ltr'><strong>menta</strong></span> <span class='ocrx_word' id='word_1_187' title='bbox 203 3019 317 3094; x_wconf 85' lang='lat' dir='ltr'><strong>ciuilia</strong></span> <span class='ocrx_word' id='word_1_188' title='bbox 343 3018 433 3091; x_wconf 86' lang='lat' dir='ltr'><strong>bsud</strong></span> <span class='ocrx_word' id='word_1_189' title='bbox 460 3042 561 3116; x_wconf 89' lang='lat' dir='ltr'><strong>posse</strong></span> <span class='ocrx_word' id='word_1_190' title='bbox 587 3016 772 3115; x_wconf 88' lang='lat' dir='ltr'><strong>parochum</strong></span> <span class='ocrx_word' id='word_1_191' title='bbox 798 3017 898 3091; x_wconf 84' lang='lat' dir='ltr'><strong>etiam</strong></span> <span class='ocrx_word' id='word_1_192' title='bbox 916 3018 951 3089; x_wconf 91' lang='lat' dir='ltr'><strong>in</strong></span> <span class='ocrx_word' id='word_1_193' title='bbox 969 3015 1181 3093; x_wconf 86' lang='lat' dir='ltr'><strong>necessitatis</strong></span> <span class='ocrx_word' id='word_1_194' title='bbox 1210 3113 1213 3116; x_wconf 6' lang='grc' dir='ltr'><strong>ἡ</strong></span> 
     </span>
     <span class='ocr_line' id='line_1_25' title="bbox 65 3131 1180 3232; baseline -0.008 -17"><span class='ocrx_word' id='word_1_195' title='bbox 65 3163 170 3226; x_wconf 87' lang='lat' dir='ltr'><strong>casu,</strong></span> <span class='ocrx_word' id='word_1_196' title='bbox 199 3135 234 3208; x_wconf 90' lang='lat' dir='ltr'><strong>in</strong></span> <span class='ocrx_word' id='word_1_197' title='bbox 260 3134 377 3207; x_wconf 90' lang='lat' dir='ltr'><strong>mortis</strong></span> <span class='ocrx_word' id='word_1_198' title='bbox 402 3133 558 3206; x_wconf 82' lang='lat' dir='ltr'><strong>videlicet</strong></span> <span class='ocrx_word' id='word_1_199' title='bbox 590 3131 750 3217; x_wconf 88' lang='lat' dir='ltr'><strong>articulo,</strong></span> <span class='ocrx_word' id='word_1_200' title='bbox 779 3156 837 3205; x_wconf 88' lang='lat' dir='ltr'><strong>eos</strong></span> <span class='ocrx_word' id='word_1_201' title='bbox 865 3132 1091 3229; x_wconf 82' lang='lat' dir='ltr'><strong>coniungere,</strong></span> <span class='ocrx_word' id='word_1_202' title='bbox 1120 3135 1180 3232; x_wconf 90' lang='lat' dir='ltr'><strong>qui</strong></span> 
     </span>
     <span class='ocr_line' id='line_1_26' title="bbox 64 3244 1181 3331; baseline -0.008 -2"><span class='ocrx_word' id='word_1_203' title='bbox 64 3256 229 3328; x_wconf 88' lang='lat' dir='ltr'><strong>hactenus</strong></span> <span class='ocrx_word' id='word_1_204' title='bbox 256 3249 292 3322; x_wconf 91' lang='lat' dir='ltr'><strong>in</strong></span> <span class='ocrx_word' id='word_1_205' title='bbox 318 3246 542 3322; x_wconf 90' lang='lat' dir='ltr'><strong>concubinatu</strong></span> <span class='ocrx_word' id='word_1_206' title='bbox 566 3244 690 3318; x_wconf 82' lang='lat' dir='ltr'><strong>versati</strong></span> <span class='ocrx_word' id='word_1_207' title='bbox 722 3260 821 3331; x_wconf 88' lang='lat' dir='ltr'><strong>sunt,</strong></span> <span class='ocrx_word' id='word_1_208' title='bbox 851 3244 969 3318; x_wconf 89' lang='lat' dir='ltr'><strong>saltem</strong></span> <span class='ocrx_word' id='word_1_209' title='bbox 995 3246 1071 3319; x_wconf 89' lang='lat' dir='ltr'><strong>sine</strong></span> <span class='ocrx_word' id='word_1_210' title='bbox 1101 3249 1181 3320; x_wconf 78' lang='lat' dir='ltr'><strong>con&#39;-</strong></span> 
     </span>
     <span class='ocr_line' id='line_1_27' title="bbox 65 3357 1181 3465; baseline -0.009 -19"><span class='ocrx_word' id='word_1_211' title='bbox 65 3357 247 3446; x_wconf 78' lang='lat' dir='ltr'><strong>sultatione</strong></span> <span class='ocrx_word' id='word_1_212' title='bbox 264 3364 475 3465; x_wconf 86' lang='lat' dir='ltr'><strong>superiorum</strong></span> <span class='ocrx_word' id='word_1_213' title='bbox 492 3359 808 3435; x_wconf 85' lang='lat' dir='ltr'><strong>ecclesiasticorum.</strong></span> <span class='ocrx_word' id='word_1_214' title='bbox 822 3362 903 3433; x_wconf 91' lang='lat' dir='ltr'><strong>ltem</strong></span> <span class='ocrx_word' id='word_1_215' title='bbox 922 3387 989 3434; x_wconf 90' lang='lat' dir='ltr'><strong>non</strong></span> <span class='ocrx_word' id='word_1_216' title='bbox 1007 3387 1107 3460; x_wconf 89' lang='lat' dir='ltr'><strong>posse</strong></span> <span class='ocrx_word' id='word_1_217' title='bbox 1125 3389 1181 3436; x_wconf 91' lang='lat' dir='ltr'><strong>sa-</strong></span> 
     </span>
     <span class='ocr_line' id='line_1_28' title="bbox 63 3475 1179 3578; baseline -0.011 -17"><span class='ocrx_word' id='word_1_218' title='bbox 63 3486 233 3564; x_wconf 77' lang='lat' dir='ltr'><strong>cerdotom</strong></span> <span class='ocrx_word' id='word_1_219' title='bbox 259 3508 358 3556; x_wconf 90' lang='lat' dir='ltr'><strong>saum</strong></span> <span class='ocrx_word' id='word_1_220' title='bbox 385 3478 545 3578; x_wconf 87' lang='lat' dir='ltr'><strong>praebere</strong></span> <span class='ocrx_word' id='word_1_221' title='bbox 564 3476 786 3550; x_wconf 89' lang='lat' dir='ltr'><strong>ministerium</strong></span> <span class='ocrx_word' id='word_1_222' title='bbox 801 3476 866 3563; x_wconf 91' lang='lat' dir='ltr'><strong>iis,</strong></span> <span class='ocrx_word' id='word_1_223' title='bbox 882 3476 940 3575; x_wconf 92' lang='lat' dir='ltr'><strong>qui</strong></span> <span class='ocrx_word' id='word_1_224' title='bbox 955 3475 1070 3575; x_wconf 85' lang='lat' dir='ltr'><strong>aliquo</strong></span> <span class='ocrx_word' id='word_1_225' title='bbox 1088 3477 1179 3552; x_wconf 88' lang='lat' dir='ltr'><strong>civili</strong></span> 
     </span>
     <span class='ocr_line' id='line_1_29' title="bbox 64 3591 1180 3702; baseline -0.009 -26"><span class='ocrx_word' id='word_1_226' title='bbox 64 3602 306 3702; x_wconf 87' lang='lat' dir='ltr'><strong>impedimento</strong></span> <span class='ocrx_word' id='word_1_227' title='bbox 328 3593 536 3697; x_wconf 89' lang='lat' dir='ltr'><strong>irreparabili</strong></span> <span class='ocrx_word' id='word_1_228' title='bbox 563 3592 685 3666; x_wconf 87' lang='lat' dir='ltr'><strong>luerint</strong></span> <span class='ocrx_word' id='word_1_229' title='bbox 711 3591 850 3680; x_wconf 86' lang='lat' dir='ltr'><strong>irretiti;</strong></span> <span class='ocrx_word' id='word_1_230' title='bbox 880 3592 908 3664; x_wconf 90' lang='lat' dir='ltr'><strong>si</strong></span> <span class='ocrx_word' id='word_1_231' title='bbox 936 3616 1015 3665; x_wconf 86' lang='lat' dir='ltr'><strong>vero</strong></span> <span class='ocrx_word' id='word_1_232' title='bbox 1041 3592 1180 3694; x_wconf 89' lang='lat' dir='ltr'><strong>impodi·</strong></span> 
     </span>
    </p>
   </div>
   <div class='ocr_carea' id='block_1_3' title="bbox 62 3815 1179 4044">
    <p class='ocr_par' dir='ltr' id='par_1_3' title="bbox 62 3815 1179 4044">
     <span class='ocr_line' id='line_1_30' title="bbox 139 3815 1179 3887; baseline -0.011 -11"><span class='ocrx_word' id='word_1_233' title='bbox 139 3822 190 3887; x_wconf 77' lang='lat' dir='ltr'><strong>(os)</strong></span> <span class='ocrx_word' id='word_1_234' title='bbox 206 3822 292 3874; x_wconf 76' lang='lat' dir='ltr'><strong>Nescio</strong></span> <span class='ocrx_word' id='word_1_235' title='bbox 305 3834 356 3884; x_wconf 83' lang='lat' dir='ltr'><strong>quo</strong></span> <span class='ocrx_word' id='word_1_236' title='bbox 370 3831 441 3871; x_wconf 80' lang='lat' dir='ltr'><strong>sensu</strong></span> <span class='ocrx_word' id='word_1_237' title='bbox 458 3817 561 3880; x_wconf 80' lang='lat' dir='ltr'><strong>intelligi</strong></span> <span class='ocrx_word' id='word_1_238' title='bbox 577 3817 637 3868; x_wconf 84' lang='lat' dir='ltr'><strong>uelit</strong></span> <span class='ocrx_word' id='word_1_239' title='bbox 652 3819 751 3879; x_wconf 81' lang='lat' dir='ltr'><strong>auctor,</strong></span> <span class='ocrx_word' id='word_1_240' title='bbox 763 3828 841 3879; x_wconf 84' lang='lat' dir='ltr'><strong>quum</strong></span> <span class='ocrx_word' id='word_1_241' title='bbox 857 3817 963 3866; x_wconf 83' lang='lat' dir='ltr'><strong>affirmat</strong></span> <span class='ocrx_word' id='word_1_242' title='bbox 978 3815 1179 3878; x_wconf 75' lang='lat' dir='ltr'><strong>deficteutccon·</strong></span> 
     </span>
     <span class='ocr_line' id='line_1_31' title="bbox 63 3894 1179 3959; baseline -0.012 -1"><span class='ocrx_word' id='word_1_243' title='bbox 63 3907 166 3959; x_wconf 79' lang='lat' dir='ltr'><strong>ditione</strong></span> <span class='ocrx_word' id='word_1_244' title='bbox 182 3901 367 3953; x_wconf 85' lang='lat' dir='ltr'><strong>tnatrlmonium</strong></span> <span class='ocrx_word' id='word_1_245' title='bbox 384 3896 467 3949; x_wconf 87' lang='lat' dir='ltr'><strong>statim</strong></span> <span class='ocrx_word' id='word_1_246' title='bbox 484 3897 573 3946; x_wconf 83' lang='lat' dir='ltr'><strong>valere.</strong></span> <span class='ocrx_word' id='word_1_247' title='bbox 586 3895 631 3946; x_wconf 80' lang='lat' dir='ltr'><strong>vel</strong></span> <span class='ocrx_word' id='word_1_248' title='bbox 648 3897 714 3955; x_wconf 74' lang='lat' dir='ltr'><strong>enini</strong></span> <span class='ocrx_word' id='word_1_249' title='bbox 729 3896 844 3959; x_wconf 78' lang='lat' dir='ltr'><strong>inteiligit</strong></span> <span class='ocrx_word' id='word_1_250' title='bbox 858 3909 901 3959; x_wconf 85' lang='lat' dir='ltr'><strong>per</strong></span> <span class='ocrx_word' id='word_1_251' title='bbox 918 3894 1101 3945; x_wconf 84' lang='lat' dir='ltr'><strong>matrimonium</strong></span> <span class='ocrx_word' id='word_1_252' title='bbox 1122 3906 1179 3945; x_wconf 88' lang='lat' dir='ltr'><strong>oon·</strong></span> 
     </span>
     <span class='ocr_line' id='line_1_32' title="bbox 62 3972 1178 4044; baseline -0.013 -8"><span class='ocrx_word' id='word_1_253' title='bbox 62 3986 171 4036; x_wconf 83' lang='lat' dir='ltr'><strong>tractum</strong></span> <span class='ocrx_word' id='word_1_254' title='bbox 183 3982 282 4032; x_wconf 80' lang='lat' dir='ltr'><strong>civitem</strong></span> <span class='ocrx_word' id='word_1_255' title='bbox 288 3979 350 4044; x_wconf 87' lang='lat' dir='ltr'><strong>,qui</strong></span> <span class='ocrx_word' id='word_1_256' title='bbox 366 3992 397 4028; x_wconf 79' lang='lat' dir='ltr'><strong>aa</strong></span> <span class='ocrx_word' id='word_1_257' title='bbox 413 3977 466 4028; x_wconf 86' lang='lat' dir='ltr'><strong>cius</strong></span> <span class='ocrx_word' id='word_1_258' title='bbox 481 3976 601 4028; x_wconf 82' lang='lat' dir='ltr'><strong>sententia</strong></span> <span class='ocrx_word' id='word_1_259' title='bbox 615 3979 654 4026; x_wconf 86' lang='lat' dir='ltr'><strong>cst</strong></span> <span class='ocrx_word' id='word_1_260' title='bbox 668 3976 770 4026; x_wconf 81' lang='lat' dir='ltr'><strong>matoria</strong></span> <span class='ocrx_word' id='word_1_261' title='bbox 779 3974 938 4036; x_wconf 83' lang='lat' dir='ltr'><strong>sacramenti,</strong></span> <span class='ocrx_word' id='word_1_262' title='bbox 948 3976 973 4023; x_wconf 85' lang='lat' dir='ltr'><strong>et</strong></span> <span class='ocrx_word' id='word_1_263' title='bbox 983 3975 1042 4023; x_wconf 87' lang='lat' dir='ltr'><strong>tuno</strong></span> <span class='ocrx_word' id='word_1_264' title='bbox 1053 3972 1114 4024; x_wconf 85' lang='lat' dir='ltr'><strong>bena</strong></span> <span class='ocrx_word' id='word_1_265' title='bbox 1123 3972 1178 4037; x_wconf 86' lang='lat' dir='ltr'><strong>qui·</strong></span> 
     </span>
    </p>
   </div>
   <div class='ocr_carea' id='block_1_4' title="bbox 62 4053 1179 4283">
    <p class='ocr_par' dir='ltr' id='par_1_4' title="bbox 62 4053 1179 4276">
     <span class='ocr_line' id='line_1_33' title="bbox 64 4053 1179 4118; baseline -0.01 -5"><span class='ocrx_word' id='word_1_266' title='bbox 64 4065 123 4115; x_wconf 85' lang='lat' dir='ltr'><strong>dem</strong></span> <span class='ocrx_word' id='word_1_267' title='bbox 140 4061 275 4113; x_wconf 86' lang='lat' dir='ltr'><strong>secundnm</strong></span> <span class='ocrx_word' id='word_1_268' title='bbox 287 4060 356 4111; x_wconf 88' lang='lat' dir='ltr'><strong>illam</strong></span> <span class='ocrx_word' id='word_1_269' title='bbox 368 4063 448 4110; x_wconf 66' lang='lat' dir='ltr'><strong>arnan</strong></span> <span class='ocrx_word' id='word_1_270' title='bbox 461 4069 586 4109; x_wconf 79' lang='lat' dir='ltr'><strong>erroneam</strong></span> <span class='ocrx_word' id='word_1_271' title='bbox 602 4057 760 4107; x_wconf 82' lang='lat' dir='ltr'><strong>sententiam:</strong></span> <span class='ocrx_word' id='word_1_272' title='bbox 774 4057 816 4107; x_wconf 83' lang='lat' dir='ltr'><strong>scd</strong></span> <span class='ocrx_word' id='word_1_273' title='bbox 826 4069 847 4106; x_wconf 82' lang='lat' dir='ltr'><strong>si</strong></span> <span class='ocrx_word' id='word_1_274' title='bbox 840 4054 978 4118; x_wconf 77' lang='lat' dir='ltr'><strong>intelligat</strong></span> <span class='ocrx_word' id='word_1_275' title='bbox 993 4053 1179 4104; x_wconf 72' lang='lat' dir='ltr'><strong>matrimonium</strong></span> 
     </span>
     <span class='ocr_line' id='line_1_34' title="bbox 62 4132 1177 4208; baseline -0.012 -14"><span class='ocrx_word' id='word_1_276' title='bbox 62 4141 269 4208; x_wconf 82' lang='lat' dir='ltr'><strong>completum,1n</strong></span> <span class='ocrx_word' id='word_1_277' title='bbox 285 4140 338 4190; x_wconf 81' lang='lat' dir='ltr'><strong>loro</strong></span> <span class='ocrx_word' id='word_1_278' title='bbox 356 4137 519 4188; x_wconf 85' lang='lat' dir='ltr'><strong>conscientiae</strong></span> <span class='ocrx_word' id='word_1_279' title='bbox 534 4139 559 4186; x_wconf 90' lang='lat' dir='ltr'><strong>ct</strong></span> <span class='ocrx_word' id='word_1_280' title='bbox 575 4148 657 4186; x_wconf 85' lang='lat' dir='ltr'><strong>coram</strong></span> <span class='ocrx_word' id='word_1_281' title='bbox 668 4138 729 4199; x_wconf 86' lang='lat' dir='ltr'><strong>Deo,</strong></span> <span class='ocrx_word' id='word_1_282' title='bbox 740 4135 814 4185; x_wconf 84' lang='lat' dir='ltr'><strong>ctiam</strong></span> <span class='ocrx_word' id='word_1_283' title='bbox 831 4132 958 4185; x_wconf 83' lang='lat' dir='ltr'><strong>almisso&#39;</strong></span> <span class='ocrx_word' id='word_1_284' title='bbox 951 4135 1028 4198; x_wconf 84' lang='lat' dir='ltr'><strong>ipsius</strong></span> <span class='ocrx_word' id='word_1_285' title='bbox 1043 4132 1177 4194; x_wconf 78' lang='lat' dir='ltr'><strong>sectantis,</strong></span> 
     </span>
     <span class='ocr_line' id='line_1_35' title="bbox 62 4199 1177 4283; baseline -0.012 -9"><span class='ocrx_word' id='word_1_286' title='bbox 62 4225 110 4275; x_wconf 86' lang='lat' dir='ltr'><strong>hoc</strong></span> <span class='ocrx_word' id='word_1_287' title='bbox 122 4221 262 4273; x_wconf 78' lang='lat' dir='ltr'><strong>matrimoni</strong></span> <span class='ocrx_word' id='word_1_288' title='bbox 266 4235 321 4283; x_wconf 82' lang='lat' dir='ltr'><strong>uin,</strong></span> <span class='ocrx_word' id='word_1_289' title='bbox 332 4219 381 4269; x_wconf 87' lang='lat' dir='ltr'><strong>nisi</strong></span> <span class='ocrx_word' id='word_1_290' title='bbox 393 4219 523 4268; x_wconf 75' lang='lat' dir='ltr'><strong>renovetur</strong></span> <span class='ocrx_word' id='word_1_291' title='bbox 533 4227 664 4267; x_wconf 83' lang='lat' dir='ltr'><strong>consensus</strong></span> <span class='ocrx_word' id='word_1_292' title='bbox 680 4229 762 4265; x_wconf 87' lang='lat' dir='ltr'><strong>coram</strong></span> <span class='ocrx_word' id='word_1_293' title='bbox 779 4215 878 4267; x_wconf 78' lang='lat' dir='ltr'><strong>ecclesia</strong></span> <span class='ocrx_word' id='word_1_294' title='bbox 896 4227 944 4264; x_wconf 90' lang='grc' dir='ltr'><strong>ιιοιι</strong></span> <span class='ocrx_word' id='word_1_295' title='bbox 962 4213 1044 4264; x_wconf 75' lang='lat' dir='ltr'><strong>existit</strong></span> <span class='ocrx_word' id='word_1_296' title='bbox 1058 4199 1177 4276; x_wconf 77' lang='lat' dir='ltr'><strong>prolecto.</strong></span> 
     </span>
    </p>
   </div>
   <div class='ocr_carea' id='block_1_5' title="bbox 137 4301 442 4367">
    <p class='ocr_par' dir='ltr' id='par_1_5' title="bbox 137 4301 442 4367">
     <span class='ocr_line' id='line_1_36' title="bbox 137 4301 442 4367; baseline -0.014 -14"><span class='ocrx_word' id='word_1_297' title='bbox 137 4303 188 4367; x_wconf 82' lang='lat' dir='ltr'><strong>(to)</strong></span> <span class='ocrx_word' id='word_1_298' title='bbox 206 4305 264 4354; x_wconf 80' lang='lat' dir='ltr'><strong>Loo</strong></span> <span class='ocrx_word' id='word_1_299' title='bbox 279 4301 359 4352; x_wconf 82' lang='lat' dir='ltr'><strong>citu</strong></span> <span class='ocrx_word' id='word_1_300' title='bbox 375 4303 442 4351; x_wconf 79' lang='lat' dir='ltr'><strong>rost.</strong></span> 
     </span>
    </p>
   </div>
   <div class='ocr_carea' id='block_1_6' title="bbox 0 0 1406 5062">
    <p class='ocr_par' dir='ltr' id='par_1_6' title="bbox 0 0 1406 5062">
     <span class='ocr_line' id='line_1_37' title="bbox 0 0 1406 5062; baseline 0 2"><span class='ocrx_word' id='word_1_301' title='bbox 0 0 1406 5062; x_wconf 95' lang='lat' dir='ltr'><strong> </strong></span> 
     </span>
    </p>
   </div>
  </div>
 </body>
</html>
