2804 5062
188 370 1137 426 mrmunscrvuorrsrraruc.rnrasatuunrnrnrr.
1181 353 1245 422 lbl

141 491 268 569 directe
283 516 326 568 ac
340 508 465 566 remote
489 491 578 564 hanc
602 507 798 590 potestatem
823 489 964 579 habere,
984 507 1150 591 quatenus
1176 492 1252 564 red·

139 603 221 681 dere
245 611 385 707 possent
409 605 564 680 subditos
590 630 669 679 suos
695 601 863 678 inhabiles
888 604 931 677 ad
954 630 1130 679 assensum
1154 632 1251 705 prae

139 723 288 807 bendm
313 719 497 797 contractui
523 720 663 821 nuptiali
690 748 710 794 a
735 721 809 818 lege
833 720 956 808 vetito,
986 739 1084 821 prout
1108 721 1252 795 ecclesia

138 833 342 913 inconcilio
367 836 548 910 tridentino
570 835 744 910 inhabiles
765 836 808 909 ad
831 836 1094 910 contrahendum
1120 835 1252 910 sosei-

138 951 235 1040 erit,
262 946 332 1052 qui
349 948 556 1025 clandestine
582 949 738 1048 coniugia
763 974 825 1025 sua
855 950 989 1023 inirent.
1015 937 1169 1038 Frustra,
1199 950 1251 1021 in·
1284 938 1287 952 Ι

136 1091 259 1167 quam
288 1065 323 1139 id
348 1064 518 1166 quispiam
544 1072 747 1164 opponeret;
768 1091 844 1137 nam
870 1064 1026 1164 princeps
1052 1064 1160 1138 ciuilis
1182 1091 1248 1139 non

136 1196 246 1281 potest
271 1178 440 1253 inhabiles
466 1178 606 1252 reddere
629 1179 863 1252 contrahentes
881 1179 1034 1254 subditos
1051 1177 1118 1253 nisi
1136 1180 1171 1250 in
1193 1205 1248 1253 or·

135 1294 217 1368 dine
233 1294 384 1368 ciuiliao
394 1293 535 1381 sociali,
556 1309 595 1366 ut
611 1293 819 1394 principatus
838 1310 956 1369 natura
968 1295 1135 1394 exposcit,
1151 1309 1250 1395 prout

137 1409 307 1485 inhabiles
323 1409 434 1484 reddit
450 1410 597 1510 pupillos
616 1409 690 1484 sine
707 1436 876 1484 consensu
897 1411 1036 1498 tutoris,
1063 1409 1251 1484 lilioslami·

137 1523 204 1598 has
229 1524 304 1598 sine
332 1550 498 1599 consenso
529 1523 656 1622 patris,
690 1550 811 1599 uxores
840 1525 914 1598 sine
943 1550 1112 1599 consensu
1136 1525 1248 1598 mariti

136 1639 181 1713 ad
199 1655 389 1714 contractus
407 1638 574 1739 quosdam
591 1638 768 1713 ineundos.
792 1639 857 1725 Qui
875 1639 1014 1739 proinde
1028 1639 1057 1713 si
1071 1639 1247 1739 quidpiam

136 1746 356 1842 attentarent,
378 1753 461 1826 nihil
480 1753 650 1827 allicerent
665 1752 708 1826 ob
725 1753 891 1826 eiusmodi
909 1752 1169 1841 inhabilitatem,
1186 1780 1248 1826 nec

135 1883 327 1943 tenerentur
344 1868 379 1940 in
396 1862 603 1942 conscientia
618 1884 715 1966 pacta
732 1892 882 1956 servare,
910 1867 991 1966 quia
1010 1867 1160 1941 subiecta
1183 1894 1250 1941 ma·

135 1982 221 2057 teria
245 1982 280 2055 id
296 1977 449 2084 patitur,
478 1980 736 2083 quae·principi
761 1981 905 2055 obnoxia
934 1999 986 2055 est
1010 1985 1099 2078 (18).
1127 1982 1250 2056 Contra

134 2089 344 2200 veroquam
369 2113 562 2173 contractus
588 2098 769 2198 nuptialis,
797 2113 912 2198 utpote
936 2097 989 2172 eui
1020 2099 1176 2194 generis,
1209 2125 1250 2171 ox

135 2204 275 2314 saepius
300 2215 420 2301 dictis,
440 2214 586 2315 principi
612 2213 751 2312 minime
776 2213 941 2290 obnoxius
972 2212 1035 2300 sit,
1068 2211 1184 2313 nequit
1216 2214 1247 2287 is

135 2329 306 2404 inhabiles
331 2329 484 2404 subditos
503 2329 568 2402 sibi
587 2329 787 2402 commissos
805 2328 937 2402 efficere
954 2329 998 2401 ad
1017 2328 1112 2401 illum
1129 2329 1249 2401 ineun-

134 2434 238 2533 dum,
256 2469 319 2519 nec
340 2460 519 2543 eapropter
538 2460 647 2542 potest
667 2440 839 2517 uinculum
861 2443 1021 2543 impedire
1041 2459 1099 2516 aut
1120 2442 1248 2517 solvere

133 2559 196 2634 sed
220 2558 320 2632 unice
345 2549 453 2658 potest
470 2558 610 2631 allectus
627 2572 800 2644 externos,
823 2553 960 2645 ciuileS,
982 2558 1124 2632 sociales
1147 2558 1248 2632 attin-

133 2696 215 2771 gere
239 2673 390 2746 eiusdem
416 2672 628 2746 connubialis
658 2688 867 2759 contractus,
896 2672 955 2772 qui
987 2672 1031 2771 ad
1062 2673 1248 2774 principem
1278 2698 1282 2705 ’

133 2779 290 2890 epactam
310 2790 398 2884 (19).

207 2902 305 2989 Quod
331 2901 360 2977 si
386 2902 530 2977 ecclesia
554 2904 722 2977 inhabiles
748 2905 782 2975 in
808 2903 1144 2978 conciliatridentino
1163 2903 1247 2976 fide·

132 3017 183 3092 les
201 3018 312 3092 elleeit
329 3019 373 3092 ad
390 3019 656 3093 contrahendum
671 3018 878 3093 clandestine
891 3021 1156 3106 matrimonium,
1171 3019 1248 3091 ideo

130 3149 206 3219 eet,
235 3134 315 3233 quia
345 3149 534 3209 contractus
565 3152 617 3206 est
648 3135 788 3206 materia
819 3134 969 3232 proxima
1001 3133 1198 3206 sacramenti
1224 3157 1245 3205 a

130 3271 203 3347 qua
235 3272 272 3321 re
303 3273 370 3322 non
398 3248 633 3346 distinguitur,
665 3248 850 3347 eodemque
880 3264 956 3320 actu
988 3247 1025 3319 fit
1054 3264 1245 3322 contractus

132 3350 175 3435 ac
200 3380 540 3449 sacramentum-seu
557 3363 681 3437 clarius
707 3362 826 3449 etiam,
855 3379 1044 3436 contractus
1063 3379 1114 3436 est
1135 3363 1247 3463 ipsum

131 3494 391 3551 sacramentum.
413 3477 496 3550 Cum
521 3502 600 3552 vero
625 3476 796 3551 aChristo
812 3476 954 3551 ecclesia
974 3493 1168 3576 potestatem
1189 3502 1245 3550 ac-

130 3591 259 3692 ceperit
284 3590 417 3690 plenam
448 3592 483 3663 in
515 3606 797 3667 sacramentorum
829 3592 1138 3680 administratione,
1174 3593 1245 3665 iure

130 3706 241 3804 potuit
265 3707 426 3804 attingere
450 3707 684 3782 contrahentes
710 3708 744 3779 in
775 3708 892 3781 ordine
920 3707 964 3782 ad
998 3723 1243 3781 sacramentum

205 3972 255 4035 (ts)
271 3974 362 4024 Saltem
373 3986 403 4024 ea
414 3975 540 4024 communi
552 3974 672 4025 sententie
684 3986 732 4023 una
742 3986 799 4024 cunr
811 3974 993 4039 exceptionibus
1006 3988 1068 4038 quaa
1081 3974 1188 4038 theologi
1202 3985 1244 4038 sp·

129 4065 222 4117 ponere
238 4054 326 4105 solent.
338 4054 376 4104 cl.
388 4057 493 4118 Lugeat
505 4055 614 4106 Liuium
627 4054 674 4106 loc.
686 4054 729 4106 cit.

205 4133 256 4194 (19)
271 4135 334 4182 curn
346 4133 484 4197 principum
495 4134 559 4198 leges
567 4136 631 4184 intra
641 4134 760 4184 ambitum
772 4136 897 4198 potestatis
907 4135 954 4186 sibi
964 4135 1076 4199 propriae
1085 4135 1109 4184 in
1121 4135 1243 4184 eonscien·

128 4201 165 4262 ti'a
179 4210 292 4263 subditos
306 4213 429 4278 obligenl;
441 4215 462 4264 si
474 4215 565 4265 subditi
577 4216 675 4279 nuptias
687 4215 777 4267 inirent
787 4218 873 4267 contra
882 4216 942 4280 legis
957 4215 1143 4279 praescriptum,
1159 4215 1243 4275 utique

129 4293 275 4356 peoearem,
288 4291 309 4343 sl
322 4292 388 4358 leges
399 4291 479 4346 iustae
489 4295 552 4358 sint,
563 4295 664 4361 nuptiae
675 4299 745 4348 erunt
756 4296 874 4360 illicitae,
886 4295 928 4347 sed
940 4298 1021 4347 umen
1034 4293 1137 4346 ualidae.

1170 4373 1191 4417 sl*
