2804 5062
142 348 185 420 tt
373 367 435 418 ιιι.
457 368 492 417 u.
514 365 600 416 sacr.
622 366 646 412 t.
669 365 708 413 nn
733 364 859 414 rorssr.
884 362 1009 413 sectas.

140 488 265 564 verba:
294 485 442 559 «Mulier
467 485 497 556 si
525 481 656 557 duobus
682 480 840 555 lratribus
868 480 1040 580 nupserit,
1073 481 1254 557 obiiciatur

141 603 312 703 usquead
339 615 490 674 mortem.
512 598 743 671 Verumtamen
771 596 806 666 in
831 595 943 681 exitu,
965 609 1101 694 pmpter
1123 597 1254 672 miseri-

140 719 308 804 cordiam,
326 718 355 789 si
371 713 582 814 promiserit,
605 713 694 812 quod
714 712 803 785 lacta
820 711 1020 797 incolumis,
1042 709 1145 785 huius
1163 738 1253 786 con-

142 833 323 907 iunctionis
347 828 484 904 uincula
508 828 692 915 dissolvat,
715 827 858 900 lructum
886 826 1112 925 poenitentiae
1134 853 1256 903 conse-

142 965 265 1051 quatur
286 946 450 1043 (22).»Εῑ
471 946 505 1018 in
527 971 622 1018 conc.
649 969 819 1044 ancyrano
836 942 960 1043 pariter
977 959 1055 1017 ante
1076 943 1254 1019 nicaenum

143 1066 259 1138 habito
282 1062 455 1148 statuitur,
481 1076 517 1133 ut
537 1059 667 1160 puellae
688 1059 788 1132 alicui
812 1059 878 1131 iam
900 1058 1145 1160 desponsatae,
1166 1088 1257 1161 quae

144 1197 260 1282 postea
285 1181 327 1254 ab
346 1178 449 1254 altero
472 1193 586 1279 raptae
608 1178 752 1262 luerint,
777 1204 796 1251 e
817 1191 987 1275 raptorum
1009 1177 1166 1251 manibus
1188 1182 1257 1254 eri-

143 1298 296 1396 piantur,
313 1295 596 1394 restituanturque
616 1292 704 1380 illis,
726 1290 850 1392 quibus
867 1291 998 1365 fuerant
1014 1292 1255 1391 desponsatae,

143 1413 298 1512 quamvis
319 1438 340 1485 a
361 1410 550 1510 raptoribus
571 1408 714 1482 uiolatae
736 1407 901 1483 luissent:
921 1408 1177 1510 «Desponsatas
1193 1437 1258 1510 pu-

143 1526 249 1615 ellas,
274 1544 308 1601 et
327 1543 444 1628 postea
464 1525 507 1598 ab
529 1524 606 1598 aliis
629 1541 760 1624 raptas,
785 1522 913 1624 placuit
932 1525 1003 1598 erui
1017 1540 1050 1598 et
1066 1525 1121 1599 his
1143 1525 1255 1613 reddi,

143 1643 268 1743 quibus
283 1643 413 1717 fuerant
430 1658 507 1715 aute
527 1643 772 1740 desponsatae,
792 1640 925 1714 etiamsi
945 1667 966 1714 a
987 1641 1177 1740 raptoribus
1195 1643 1259 1718 llo-

145 1786 214 1833 rem
247 1759 386 1859 pudoris
419 1759 472 1833 sui
508 1759 666 1833 amisisse
699 1758 888 1832 constiterit
921 1759 1037 1855 (23).»
1066 1759 1116 1831 De
1139 1759 1259 1833 eodem

145 1892 261 1977 raptus
284 1874 424 1949 crimine
446 1875 515 1972 egit
539 1901 569 1948 s.
585 1874 732 1972 Basilius
754 1874 789 1945 in
809 1873 908 1974 epist.
930 1873 1094 1947 canonica
1115 1872 1158 1946 ad
1179 1873 1260 1947 hm-

144 1990 367 2090 pbiloebium.
392 2021 409 2059 u
427 1989 492 2075 Qui
511 2016 551 2063 ex
569 2005 687 2089 raptu,
711 1989 838 2089 inquit,
863 1987 1022 2062 mulieres
1047 1987 1191 2077 habent,
1212 1989 1261 2062 si·

144 2108 281 2206 quidem
309 2108 386 2181 aliis
404 2109 471 2180 iarn
490 2110 678 2209 desponsas
704 2110 929 2210 abripuerint,
958 2121 1036 2183 ante
1060 2110 1259 2184 admittendi

145 2250 212 2297 non
231 2241 328 2312 sunt,
348 2251 450 2324 quam
468 2223 579 2298 abeis
597 2224 728 2298 ablatae
755 2225 843 2311 sint,
869 2241 901 2298 et
922 2251 1037 2300 eorum
1062 2224 1189 2324 quibus
1215 2227 1261 2299 ab

144 2341 242 2414 initio
259 2342 448 2442 desponsae
469 2357 579 2428 erant,
599 2342 754 2440 potestati
773 2341 943 2430 redditae,
960 2358 1070 2415 utrum
1084 2368 1143 2416 eas
1156 2342 1264 2418 velint

146 2457 316 2555 accipere,
338 2484 380 2530 an
400 2457 582 2542 desistere,·
599 2458 627 2530 si
651 2456 730 2556 quis
752 2473 863 2531 autem
881 2474 1056 2532 vacantem
1078 2460 1258 2558 acceperit,

146 2570 277 2644 auferre
308 2572 443 2671 quidem
470 2587 619 2671 oportet,
652 2573 793 2672 suisque
819 2573 1017 2661 restituere,
1047 2590 1079 2647 et
1107 2574 1259 2674 ipsorum

145 2685 308 2760 voluntati
326 2687 537 2786 permittere,
562 2688 633 2762 sive
655 2689 723 2761 sint
746 2706 920 2788 parentes,
937 2689 1009 2762 sivo
1028 2689 1164 2776 iratres,
1187 2691 1261 2765 sire

148 2803 261 2902 quivis
282 2802 341 2876 alii
364 2801 496 2903 puellae
520 2804 769 2892 moderatores;
797 2806 886 2878 acsi
909 2806 940 2878 ei
963 2805 1099 2905 quidem
1129 2805 1262 2881 tradere

69 3011 72 3016 ¹
146 2916 271 3005 velint,
299 2934 428 3019 oportet
461 2919 711 3000 matrimonium
741 2921 962 3007 constituere,
991 2921 1044 2993 sin
1074 2937 1185 2996 autern
1213 2949 1263 2996 re-

147 3033 298 3121 nuerint,
330 3059 545 3133 nequaquam
570 3035 639 3107 vim
661 3034 784 3108 inferre
800 3037 914 3131 (24).»

219 3151 268 3222 ln⁴
282 3150 399 3223 eadem
421 3149 576 3249 epistola,
600 3174 639 3224 ac
653 3150 687 3222 in
701 3150 805 3224 altera
820 3177 922 3251 quam
939 3151 1034 3250 prius
1049 3152 1092 3225 ad
1105 3153 1261 3226 eumdem

146 3264 418 3364 Amphilochium
438 3266 576 3340 dederat
590 3293 619 3339 s.
632 3265 779 3340 basilius
793 3265 860 3339 alia
872 3266 970 3365 plura
983 3268 1156 3343 constituit
1172 3269 1262 3343 circa

146 3381 303 3476 coniugia
319 3409 407 3481 quae
430 3382 622 3457 successive
643 3382 926 3456 contrahebantur
943 3410 964 3456 a
981 3384 1132 3481 trigamis
1150 3400 1184 3458 et
1201 3412 1262 3483 po-

147 3492 311 3593 lygamis,
338 3522 377 3568 ac
403 3500 492 3571 cirea
517 3500 755 3572 canonicarum
776 3497 1048 3586 matrimonium,
1074 3500 1204 3598 dequo
1225 3499 1260 3570 in

148 3609 262 3708 specie
284 3612 420 3685 statuit:
446 3643 463 3682 r
477 3613 721 3687 Canoniaarum
744 3630 861 3712 stupra
882 3641 943 3713 pro
965 3613 1177 3687 matrimonio
1194 3638 1261 3688 non

148 3742 364 3824 reputentur,
389 3728 448 3799 sed
474 3754 589 3800 earum
615 3729 806 3802 coniunctio
827 3731 964 3805 omnino
981 3729 1171 3804 divellatur.
1190 3729 1261 3802 lloc

220 3923 271 3986 (ta)
285 3927 330 3992 Ex,
338 3925 488 3987 interpretat.
505 3923 616 3985 Dionysii
637 3923 724 3988 litigari
743 3923 808 3988 epod
827 3926 946 3976 Hardoin.
962 3927 1028 3975 Actu
1043 3893 1143 3976 'conat
1159 3927 1222 3975 torn.
1243 3927 1263 3975 Ι.

148 4001 196 4050 rol.
210 4009 264 4052 tat.
277 4003 431 4054 celebratum
442 4005 480 4054 cst
490 4006 573 4054 entem
582 4016 622 4053 an.
633 4008 688 4054 tlt.

220 4081 270 4142 (tt)
285 4083 345 4131 can.
359 4085 400 4132 Xl.
412 4096 440 4132 er
454 4096 516 4133 vers.
530 4083 630 4145 Dionys.
642 4081 702 4132 ibld.
713 4084 762 4133 ool.
775 4089 828 4134 27⁶.
837 4084 922 4134 eodem
934 4097 973 4133 an.
986 4088 1030 4134 att
1052 4082 1202 4133 celebratura
1215 4084 1261 4132 hoe

147 4159 279 4210 concillum
288 4163 333 4210 est.

219 4239 269 4301 (nt)
285 4241 360 4304 Epist.
379 4243 410 4290 tt.
429 4255 517 4292 canon.
537 4242 567 4291 ad
585 4243 738 4305 amphiloch.
759 4256 783 4293 n.
803 4246 910 4294 cxclx.
925 4256 980 4294 cta.
997 4251 1036 4293 tt.
1051 4243 1090 4292 ro.
1104 4245 1183 4294 Maur.
1195 4246 1259 4307 opp.

146 4322 205 4370 lom.
218 4323 260 4370 ΙΙΙ.
