2804 5062
125 393 1064 451 crau.nauum.unaunrnrsrvaronumru.nnr.v.
1110 369 1179 452 did

68 502 293 588 tnr.1nterim
318 514 448 613 passim
473 515 650 615 contingit,
670 532 709 590 ut
732 515 883 591 nonnulli
901 542 941 590 ex
964 516 1038 593 loco
1055 521 1091 592 in
1113 546 1180 620 quo

66 629 237 702 decretum
264 628 482 703 tridentinum
508 655 575 704 non
599 630 664 705 tuit
686 630 930 731 promulgatum
956 648 1014 705 aut
1037 657 1104 706 non
1129 649 1183 708 est

67 759 256 843 receptum,
285 742 328 817 ad
353 742 465 817 locum
490 760 662 818 transeant
690 744 748 818 ubi
779 746 906 819 obtinet
931 771 971 818 ac
998 763 1178 836 servatur,

65 860 271 960 nuptiasque
295 858 463 934 celebrent
480 877 539 934 aut
556 887 667 936 coram
686 863 841 937 ministro
866 861 1034 936 haeretico
1051 878 1108 935 aut
1124 889 1181 938 co³

66 1001 134 1048 ram
168 974 264 1049 cirili
293 975 504 1073 magistratu.
533 976 664 1050 Exinde
688 993 840 1078 permota
868 979 1041 1078 quaestio:
1071 994 1180 1052 utrum

65 1091 207 1164 intortum
239 1090 397 1188 coniugia
430 1107 504 1165 rata
528 1117 568 1164 ac
594 1092 690 1164 firma
715 1091 832 1164 haberi
859 1118 926 1166 noc>
949 1119 992 1165 ne
1021 1090 1177 1167 debeant.

65 1207 165 1281 Porro
191 1220 351 1280 constans
374 1221 427 1281 est
443 1206 616 1280 doctorum
631 1208 796 1280 sententia
821 1206 988 1281 eiusmodi
1012 1208 1182 1282 connubia

65 1339 102 1393 ox
119 1319 242 1419 regula
263 1320 348 1394 iuris
365 1320 493 1395 nullius
511 1347 651 1419 prorsus
669 1347 745 1395 esse
762 1322 900 1409 valoris,
917 1322 998 1421 quia
1016 1321 1060 1394 ab
1076 1322 1182 1397 omni-

64 1434 126 1509 bus
145 1434 280 1508 servari
299 1433 400 1508 debet
416 1435 523 1509 forma
540 1453 675 1535 recepta
691 1436 727 1508 in
745 1435 814 1508 illis
832 1434 1028 1532 regionibus
1050 1436 1086 1507 in
1108 1436 1182 1536 qui·

66 1549 129 1624 bus
156 1564 349 1623 contractus
374 1549 490 1622 initur.
536 1551 578 1625 Et
602 1550 667 1625 hoo
691 1564 759 1624 tam
786 1577 846 1650 pro
871 1550 943 1626 soro
968 1551 1059 1626 civiti
1076 1577 1180 1651 quam

65 1664 217 1764 profore
234 1663 475 1740 ecclesiastico.
496 1663 580 1738 Cum
599 1665 702 1764 igitur
713 1666 749 1738 hi
762 1693 861 1740 suum
880 1665 1048 1740 celebrent
1064 1667 1181 1741 coniu-

64 1780 173 1877 gium,
189 1778 249 1851 ubi
263 1778 417 1877 rigotlex
430 1779 624 1868 tridentina,
643 1780 800 1880 quamvis
814 1780 906 1878 regio
919 1806 960 1851 ex
973 1778 1180 1880 quadisces

65 1910 182 1969 serunt
207 1893 250 1968 ab
274 1894 391 1968 eadem
416 1893 490 1992 lege
514 1913 669 1996 exempta
685 1896 745 1983 sit,
766 1911 893 1969 certum
918 1910 971 1968 est
993 1893 1078 1967 illud
1105 1893 1181 1967 nul

65 2009 134 2084 lum
161 2035 203 2084 ao
228 2011 359 2083 irritum
384 2036 473 2084 esse.

135 2124 227 2197 Hinc
243 2124 541 2223 Schmalzgrueber
557 2141 635 2225 post
658 2125 760 2198 verba
784 2151 873 2224 quae
898 2151 939 2197 er
955 2150 995 2199 eo
1013 2126 1049 2197 in
1076 2124 1180 2200 altero

64 2240 207 2314 articulo
232 2239 455 2327 adduximus,
476 2242 524 2314 ita
548 2241 773 2340 prosequitur:
798 2240 871 2311 «Et
888 2240 954 2312 hoc
971 2266 1087 2313 verum
1105 2257 1177 2328 est,

64 2357 197 2429 attona-ti
219 2357 769 2456 ooqisintoutpercqrini,qu1
794 2356 930 2429 veniant
953 2382 993 2428 err
1018 2355 1092 2429 loeo
1122 2350 1183 2428 oti·

65 2471 280 2544 tridentinum
303 2499 368 2544 non
392 2488 440 2545 cot
462 2489 643 2571 receptum,
671 2488 702 2545 et
725 2474 774 2544 idi
798 2473 937 2545 habeant
962 2471 1175 2544 domicilium.
1268 2529 1271 2533 .

64 2588 104 2662 Bt
129 2587 211 2662 ideo
234 2589 266 2660 si
282 2589 436 2661 haeretici
460 2590 633 2662 venientes
658 2612 701 2660 ec
725 2614 787 2659 soc
807 2591 922 2686 patrio
946 2588 1006 2658 obi
1031 2587 1181 2659 tridenti·

63 2729 143 2775 oum
159 2728 227 2776 ooo
242 2719 290 2776 est
304 2719 466 2801 receptum
483 2705 520 2774 in
541 2704 649 2777 locum
675 2704 732 2776 ubi
759 2701 842 2775 illud
870 2718 1039 2802 receptum
1057 2719 1126 2789 est,
1148 2718 1183 2775 et
1242 2708 1243 2711 ’

64 2817 220 2893 haeresis
245 2820 415 2920 publicum
440 2820 636 2892 exercitium
663 2846 730 2892 uon
756 2818 858 2892 habet
878 2821 991 2914 (170),
1016 2817 1119 2892 veluti
1145 2819 1180 2891 in

65 2935 209 3010 Bouaria
220 2951 351 3022 nostra,
366 2934 454 3007 olam
466 2935 686 3023 contrahunt,
708 2934 853 3007 invalido
866 2935 1082 3021 contrahunt;
1099 2934 1181 3033 quia

64 3065 257 3124 contractus
281 3050 430 3147 copulari
444 3049 559 3122 debent
578 3049 753 3121 secundnm
772 3051 855 3147 lopas
873 3065 904 3121 ct
921 3048 1182 3121 consuetudinem
1303 3053 1305 3058 ’

67 3165 131 3237 toci
155 3165 190 3236 in
217 3189 285 3265 quo
312 3163 538 3251 celebrantur,
560 3180 593 3236 et
618 3191 684 3237 non
710 3163 820 3237 solum
845 3164 953 3250 cives,
976 3163 1036 3235 sed
1061 3187 1179 3236 omnes

66 3279 194 3354 ibidem
222 3279 470 3365 contrahentes,
492 3279 600 3352 forum
619 3278 682 3352 loci
700 3278 792 3351 iltius
811 3278 1010 3362 sortiuntur;
1033 3278 1068 3349 in
1088 3275 1180 3349 omni

64 3397 158 3468 anim
182 3395 257 3470 loco
281 3395 492 3469 observanda
508 3411 560 3468 est
578 3389 684 3469 forma
709 3393 942 3467 substantialis
967 3409 1175 3480 contractus,

66 3536 155 3612 quae
180 3537 242 3611 pro
268 3510 324 3584 illo
349 3511 422 3584 loco
448 3512 652 3611 praescripta
676 3526 739 3583 est:
761 3509 864 3608 idque
889 3509 925 3581 in
952 3509 1064 3608 specie
1090 3508 1181 3583 deci-

66 3627 159 3700 ditur
171 3627 273 3700 etiam
287 3627 322 3699 in
334 3643 506 3700 contractu
520 3624 756 3699 matrimoniali
769 3650 844 3723 cap.
857 3625 904 3696 Dc
917 3625 1071 3697 Francia.
1088 3624 1119 3695 I.
1132 3625 1181 3696 nc

67 3742 213 3841 ερεειεαί.
235 3739 297 3814 ubi
312 3741 561 3813 matrimonium
578 3754 802 3825 contractum,
819 3766 882 3810 non
900 3739 1070 3810 observata
1094 3738 1176 3834 lopo,

66 3857 117 3930 ool
133 3854 364 3929 consuetudine
388 3855 536 3956 patriae,
558 3855 677 3926 initum
698 3869 802 3925 tonna
822 3853 997 3925 occandum
1015 3853 1100 3949 lepos
1120 3851 1183 3924 loci

66 3971 122 4044 ubi
154 3995 240 4045 uxor
263 3972 364 4044 ducta
388 3986 458 4056 est,
479 3969 716 4070 pronunciatur
739 3968 887 4040 calidam
907 3969 1045 4063 (171).»

140 4192 210 4257 (170)
224 4195 291 4244 Haec
302 4194 425 4256 clausula,
438 4208 467 4244 sn
481 4193 567 4254 dictis,
582 4205 630 4241 non
646 4191 728 4241 obstat
742 4190 847 4240 nuditati
865 4188 1014 4239 matrimonii
1026 4187 1057 4238 dc
1069 4202 1119 4250 quo
1129 4187 1177 4236 dis·

139 4354 207 4418 (171)
221 4353 272 4404 rit.
284 4355 328 4403 ΙΙΙ.
342 4356 380 4404 Dc
394 4352 556 4404 clandestina.
566 4351 590 4416 §.
602 4352 634 4402 ΙΙ.
647 4365 672 4400 ιι.
687 4358 739 4401 1⁰1.
1082 4425 1102 4467 ἧ
