2804 5062
255 313 326 402 ἰιι
449 351 511 404 ιιι.
532 350 569 402 ιι.
591 350 677 402 saur.
699 351 828 401 ιιιιιι.
850 350 891 400 as
914 348 1040 401 reema
1062 348 1173 401 ιιιιιι.
1226 338 1229 343 “

254 469 465 546 Contrarium
489 470 592 546 immo
607 495 687 545 vero
704 484 817 571 patres
834 468 1045 570 profitentur.
1061 469 1118 543 Sie
1136 452 1232 543 enim
1249 469 1356 545 ibidem

254 587 396 686 legitur:
420 585 693 688 ullctropolitani
720 611 838 660 omnes
867 584 1043 659 dixerunt:
1071 585 1145 660 Deo
1169 585 1357 675 auxiliante,

254 703 424 778 eommuni
454 701 695 777 deliberatione
726 700 883 800 singula,
910 725 1001 803 quae
1025 701 1225 776 necoesaria
1253 717 1361 777 sunta

253 819 348 894 mlo
373 817 577 919 deficientur.
599 817 672 893 Hae
691 817 870 893 uniuersae
887 816 1088 894 fraternitati
1105 833 1244 893 restrae
1261 817 1362 893 suade

250 920 353 1022 mus,
377 948 415 1009 ut
429 959 568 1034 eaquae
587 934 717 1033 Spiritu
741 934 861 1008 Sancto
887 931 1048 1019 dictante,
1069 958 1134 1034 per
1150 958 1214 1041 ora
1230 934 1362 1009 nmmum

256 1063 408 1126 nostrum
421 1047 598 1122 terminata
610 1048 748 1151 ineunt,
765 1074 826 1149 per
837 1072 955 1123 omnes
967 1047 1135 1124 eeclesias
1149 1049 1360 1137 innotescant,

257 1150 295 1238 ut
311 1163 549 1265 unusquisque
565 1162 648 1265 quid
666 1162 846 1239 obseruare
871 1163 1011 1252 debeat,
1037 1164 1116 1239 sina
1137 1163 1260 1265 aliqua
1281 1189 1362 1239 meu

257 1278 387 1355 sanans
404 1278 578 1354 condiscat
592 1281 707 1376 (30).»
719 1279 753 1351 Si
766 1278 892 1383 Spiritu
901 1280 1023 1354 Sancto
1035 1278 1190 1354 dictante
1206 1278 1360 1356 constitui

256 1409 340 1471 aunt
370 1420 537 1484 canones,
566 1419 634 1470 non
668 1394 771 1493 igitur
803 1393 915 1493 legum
948 1394 1155 1469 secularium
1182 1394 1361 1471 anctoritate

257 1510 436 1612 propositi.
465 1510 640 1585 Eiusmodi
667 1509 778 1610 legum
803 1510 904 1584 unica
923 1510 962 1584 fit
982 1509 1108 1585 mentio
1135 1506 1181 1585 ad
1203 1509 1360 1585 ostenden

257 1624 337 1702 dam
354 1626 487 1702 illorum
505 1626 739 1725 coniugiorum
752 1625 1018 1726 improbitatem,
1034 1625 1094 1700 aad
1108 1616 1359 1727 propria'nueto

259 1740 358 1816 ritate
385 1767 533 1818 canones
551 1768 572 1816 a
588 1741 730 1819 coneilio
755 1742 1014 1818 consumuntur.
1032 1740 1133 1829 Quod
1155 1743 1269 1842 magia
1289 1756 1359 1842 patet

258 1884 301 1934 ax
325 1856 477 1934 eiusdem
495 1858 630 1934 concilii
652 1884 728 1933 can.
749 1859 832 1932 llll.
852 1884 921 1959 quo
946 1858 1121 1933 irritantur
1146 1858 1303 1958 coniugia
1320 1856 1358 1931 ri

255 1973 402 2048 duarum
425 1972 723 2062 subdiaconorum,
737 1973 980 2049 exorcistarum
997 1988 1032 2046 et
1048 1971 1287 2075 acolythorum
1301 1986 1358 2074 past

259 2089 401 2165 istorum
425 2087 574 2178 obitum,
603 2089 697 2164 nulla
720 2089 832 2189 legum
858 2089 982 2163 iniecta
1006 2088 1179 2164 mentione
1194 2092 1285 2188 (31).

258 2238 260 2242 ⁴
332 2205 432 2280 Hune
456 2205 611 2279 eumdem
644 2230 807 2281 monem
840 2220 977 2280 renovat
1008 2203 1193 2280 concilium
1220 2202 1356 2279 amissio

258 2321 416 2410 dunense,
433 2320 530 2397 ouius
544 2321 646 2396 etiam
658 2321 812 2395 meminit
823 2320 1045 2422 Spalatensis.
1063 2318 1154 2394 Hinc
1171 2320 1247 2395 iure
1263 2318 1357 2393 men'to

258 2437 398 2514 adnotet
409 2437 538 2512 Natalis
560 2436 653 2511 Alex.
667 2436 758 2538 quod
779 2437 922 2510 «Canon
940 2435 1128 2536 vigesimus
1147 2437 1268 2512 tertius
1283 2439 1357 2531 (eon

260 2553 331 2628 cilii
353 2554 600 2650 autissiodor.)
628 2553 748 2628 viduas
774 2552 1066 2654 presbyterorum,
1096 2552 1310 2627 diaconorum
1332 2565 1357 2620 et

261 2668 544 2743 subdiaconorum
564 2683 641 2767 post
658 2695 772 2742 eorum
798 2667 925 2742 obitum
952 2667 1080 2741 nubere
1103 2683 1215 2756 vetut3
1237 2689 1355 2769 quarum

260 2784 474 2858 matrimonia
500 2784 592 2858 irrita
616 2783 843 2858 declaraverat
867 2783 1020 2884 synodus
1045 2783 1302 2859 matisconensis
1316 2804 1356 2852 se

192 2916 195 2925 '
261 2899 374 2973 cunda
392 2925 468 2973 ean.
487 2903 546 2972 ll.
564 2925 631 3001 quo
654 2901 710 2974 vix
735 2900 841 2974 ullum
859 2915 910 2974 est
927 2899 1094 2974 illustrius
1119 2915 1353 2999 argumentum,

258 3039 330 3116 ¹quo
355 3014 513 3115 probetur
537 3015 714 3090 ecelesiam
741 3017 877 3117 proprio
901 3017 974 3088 iure
990 3032 1024 3089 et
1043 3017 1246 3091 auctoritate
1272 3015 1354 3112 impe

260 3131 411 3207 dimenta
435 3131 629 3207 dirimentia
654 3132 867 3206 matrimonio
894 3132 1097 3232 apposuisse
1112 3131 1231 3228 (diis

334 3432 385 3495 (ιο)
400 3433 429 3481 ln
445 3433 488 3482 eit.
502 3432 609 3483 collect.
620 3431 737 3497 ampliet.
748 3430 841 3482 conell.
854 3433 914 3481 tom.
926 3432 969 3481 ut.
978 3430 1027 3480 eol.
1036 3432 1089 3481 olo.

336 3511 387 3575 (ιι)
402 3514 439 3562 En
456 3512 576 3576 integrum
592 3523 723 3562 canonem:
736 3510 821 3561 «lllud
835 3523 934 3574 quoqne
950 3513 1044 3560 rectum
1059 3508 1132 3559 nobis
1147 3510 1232 3560 risum
1247 3511 1283 3560 est
1295 3506 1356 3568 olene

263 3603 334 3654 nere,
346 3594 375 3642 ut
384 3605 448 3655 quae
461 3606 524 3642 uuor
537 3591 697 3655 subdiaconi,
709 3592 748 3642 vel
763 3593 912 3654 exorcistae,
928 3591 968 3641 vel
984 3590 1092 3652 acolythi
1107 3588 1207 3652 iuerat,
1220 3583 1358 3641 mencio.

264 3669 373 3721 meando
391 3683 418 3720 aa
434 3684 483 3720 non
499 3670 588 3721 audeat
603 3672 697 3722 sociare
715 3670 881 3721 matrimonio.
903 3670 1012 3729 Quodsi
1028 3669 1134 3732 feeerit,
1158 3672 1296 3734 separetur,
1308 3662 1358 3716 elil

256 3749 389 3801 menualia
411 3750 549 3814 puellarum
565 3751 611 3801 Del
628 3750 753 3813 tradatur,
769 3753 795 3801 et
811 3749 902 3800 lbtdem
919 3762 997 3813 usque
1012 3750 1044 3799 td
1060 3749 1155 3799 exitum
1171 3749 1239 3801 altae
1254 3760 1308 3799 aare
1320 3754 1358 3808 pat

261 3832 384 3881 manem·
393 3829 457 3880 ibid.
469 3831 518 3881 eol.
529 3837 583 3882 ιιι.

338 3910 388 3973 (ιι)
405 3913 477 3962 lllet.
489 3911 579 3962 eccles.
591 3925 655 3962 aree.
667 3915 710 3962 vt.
724 3925 779 3975 cup.
790 3914 821 3961 v.
834 3913 880 3962 art.
891 3913 978 3961 xxix.
987 3912 1074 3962 canon
1083 3922 1156 3960 eone.
1170 3900 1359 3962 mustelarum

265 3990 380 4041 edebratl
395 4003 436 4040 an.
450 3995 504 4042 ιιι.
516 3990 548 4041 de
562 4005 613 4055 quo
629 3991 729 4043 disserit
740 3992 923 4044 llutalemnd.
937 3992 963 4042 lu
978 3991 1088 4042 conciliis
1097 3991 1194 4042 Gulttae
1208 3986 1323 4042 sumond
1332 3984 1359 4033 ⁶¹

264 4083 367 4122 numero
383 4074 460 4122 xxll.
478 4072 516 4123 ιιι
532 4072 616 4123 verbis
632 4085 773 4137 expressus:
786 4076 858 4123 «Nun
874 4073 932 4124 lieet
948 4071 1047 4122 relictae
1062 4071 1213 4135 presbyteri,
1225 4085 1270 4122 nee
1283 4066 1359 4120 relidit

264 4150 375 4214 diaconi,
389 4163 434 4201 nee
449 4151 594 4203 subdiaconi
611 4156 667 4218 poet
682 4153 736 4203 eius
751 4156 855 4204 mortem
871 4153 988 4203 maritum
1004 4143 1357 4216 amimea-sementen&

266 4234 295 4281 ut
309 4231 375 4294 patet
389 4244 419 4282 ex
436 4245 528 4283 canone
543 4233 713 4297 praecedenti,
727 4232 759 4284 de
774 4233 893 4284 unedone
908 4246 970 4298 quas
986 4233 1135 4298 presbyteri,
1151 4233 1250 4284 diaconi
1266 4233 1305 4283 ant
1316 4222 1356 4276 tob

265 4309 362 4362 diaconi
378 4311 499 4365 habebant
515 4317 572 4366 ente
586 4314 695 4381 ipsorum
709 4315 897 4367 ordinationem.
