2804 5062
145 367 212 436 292
375 387 436 436 um.
458 386 493 435 n.
516 386 601 436 sacr.
625 387 647 435 t.
674 387 713 434 nu
733 384 858 435 rornsr.
881 383 1006 435 accurs.

143 533 219 580 nem
238 522 343 580 status
359 530 424 580 non
439 504 681 606 profitentur),
699 531 737 577 se
749 505 869 578 sistere
885 529 998 577 coram
1019 502 1079 576 illo
1098 502 1143 576 ad
1161 527 1258 576 suunt

142 622 369 723 praebendum
400 648 621 708 consensum,
657 638 695 694 ut
725 619 824 693 honis
857 618 1015 694 civilibus
1048 618 1257 706 fruerentur,

141 756 175 812 et
198 764 313 812 eorum
340 736 450 836 proles
475 753 645 836 tamquam
672 734 822 833 legitima
847 733 1040 808 haberetur.
1061 734 1129 808 Hic
1151 760 1263 809 rerum

143 870 249 928 status
275 853 501 953 perseveravit
517 853 552 924 in
570 852 690 950 Anglia
711 850 881 952 usquead
905 850 1179 925 reformationem
1197 850 1261 925 hac

141 997 244 1071 super
261 995 296 1042 ra
313 969 484 1042 inductam
501 996 522 1042 a
539 968 682 1042 Roberto
700 968 789 1054 Peel,
802 993 870 1067 quo
887 967 1106 1066 potissimum
1127 983 1252 1065 agente,

141 1085 194 1157 lex
219 1084 277 1158 illa
302 1084 437 1157 demum
461 1082 827 1180 an.183'l.abmgata
851 1099 913 1156 est.

138 1284 140 1289 Ι
208 1199 339 1273 'luserit
363 1199 447 1272 haec
472 1198 670 1272 confirmare
695 1194 894 1272 documento
913 1196 1028 1297 aliquo
1045 1196 1250 1280 authentico,

142 1327 263 1413 nempe
296 1340 336 1387 er
369 1340 438 1387 sao.
468 1314 737 1411 congregationis
762 1314 911 1398 decreto,
941 1311 1032 1410 quo'd
1065 1311 1138 1385 huc
1161 1310 1250 1385 reler-

142 1447 206 1504 tur.
229 1429 402 1529 Siquidem
419 1431 463 1503 ad
481 1429 659 1503 dubiuma
680 1431 721 1501 D.
743 1428 904 1503 Dulresse
929 1428 1101 1503 Roricano
1129 1429 1249 1527 provin·

142 1548 216 1619 cias
241 1544 411 1619 Sutchuen
437 1546 668 1644 propositum
696 1544 869 1620 videlicet:
894 1543 1114 1643 «Aliquando
1130 1543 1249 1618 etiamsi

143 1660 301 1736 sacerdos
328 1659 416 1733 adsit
436 1660 469 1732 in
488 1659 580 1746 loco,
611 1686 676 1733 non
703 1675 813 1760 potest
830 1674 942 1733 tamen
959 1658 1004 1731 ab
1020 1685 1063 1733 eo
1081 1660 1187 1759 recipi
1203 1656 1249 1732 ha

143 1776 288 1850 nedictio
320 1792 500 1875 antequam
531 1775 764 1848 adhibeantur
787 1773 871 1848 ritus
895 1773 1013 1847 civiles
1038 1773 1245 1848 matrimonii.

143 1889 339 1978 Quaeritur,
360 1918 404 1964 an
430 1892 465 1963 in
492 1892 555 1965 isto
582 1917 664 1965 casn
689 1890 779 1963 licite
805 1888 937 1988 possint
966 1890 1086 1989 sponsi
1118 1915 1249 1990 suspeu-

142 2004 222 2078 dera
246 2015 449 2080 consensum
484 2032 584 2080 suum
609 2007 652 2079 de
677 2006 846 2106 praesenti
872 2003 915 2078 ad
941 2004 1139 2079 evitandum
1169 2004 1249 2080 olan

142 2120 346 2194 destinitatis
371 2120 506 2209 vitium,
536 2121 582 2194 ita
607 2137 645 2195 ut
670 2120 857 2194 exercendo
878 2120 1089 2196 ceremonias
1107 2119 1250 2220 publicat

141 2253 175 2309 et
198 2254 396 2324 consuetas,
426 2236 636 2311 solummodo
662 2234 840 2310 intendant
864 2234 1065 2313 confirmare
1089 2234 1250 2337 sponsalia

141 2351 193 2428 vel
208 2344 367 2452 sponsam
381 2354 556 2427 traducere
574 2352 607 2424 in
627 2351 748 2426 lectum
761 2378 918 2439 vacuum,
935 2377 1001 2425 non
1015 2367 1133 2426 autem
1146 2375 1249 2429 renunt

143 2467 392 2541 matrimonium
412 2468 626 2553 contrahere,
643 2466 709 2540 nisi
725 2493 802 2540 cum
820 2482 938 2565 postea
956 2466 1145 2541 sacerdotis
1162 2466 1251 2541 bene

141 2581 320 2656 dictionem
343 2583 546 2682 suscipient;
570 2608 658 2682 quae
678 2584 791 2657 omnia
818 2582 902 2654 hunt
930 2582 1079 2655 consciis
1109 2583 1250 2656 christia·

146 2697 214 2782 nis,
232 2697 291 2769 sed
315 2698 432 2771 insciis
457 2697 655 2795 gentilibus3
671 2699 717 2771 ita
730 2715 767 2770 ut
785 2699 840 2772 isti
855 2699 993 2771 credant
1012 2724 1093 2771 vere
1111 2697 1248 2771 contrahi

144 2811 410 2897 matrimonium,
440 2811 488 2883 illi
514 2838 592 2885 vcro
611 2811 720 2885 solum
739 2811 928 2886 confirmari
955 2813 1168 2912 sponsalia.»
1184 2814 1246 2884 Sao.

142 2951 298 3024 congreg.
321 2953 461 3027 propag.
485 2927 563 2999 [idei
582 2927 772 3026 respondit:
798 2929 939 3000 «Detur
956 2929 1137 3004 instructio
1159 2929 1247 3001 Bene

142 3041 223 3114 dicti
246 3042 327 3114 xlv.
349 3042 384 3113 in
404 3040 523 3115 littoris
543 3042 736 3142 apostolicis
751 3042 817 3115 diei
834 3045 892 3115 ll.
911 3045 1001 3142 Sept.
1020 3041 1131 3116 l'lld.
1153 3044 1243 3141 incip.

143 3157 302 3230 Reddr'tce
320 3158 428 3242 nohas,
458 3158 570 3256 quoad
596 3185 655 3245 ea,
683 3184 770 3257 quae
797 3159 912 3230 rolerri
938 3175 1082 3258 possunt
1109 3159 1151 3233 ad
1170 3182 1246 3260 prae

142 3300 220 3346 sens
247 3273 400 3346 dubium.
431 3274 522 3347 llaec
539 3292 591 3347 est
608 3289 719 3346 autern
737 3273 796 3347 illa
814 3275 1006 3347 instructio:
1027 3305 1044 3343 n
1065 3276 1181 3349 Sciant
1197 3276 1244 3346 ita·

143 3414 210 3486 que
240 3388 394 3461 catholici
422 3403 553 3461 vestrae
578 3413 678 3460 curae
703 3386 904 3475 concrediti,
934 3414 1008 3461 cum
1036 3389 1129 3462 civili
1156 3387 1244 3484 magi·

142 3503 260 3574 stratui
280 3519 336 3575 aut
355 3503 523 3577 haeretico
541 3503 694 3575 ministro
712 3503 917 3576 matrimonii
941 3503 1136 3578 celebrandi
1157 3524 1244 3577 causa

142 3643 179 3688 se
205 3617 347 3703 sistunt,
376 3633 486 3691 actum
513 3644 549 3691 se
575 3643 675 3696 merc.
695 3617 825 3690 civilem
859 3644 1024 3691 exercere.
1040 3678 1046 3689 .
1063 3679 1069 3688 .
1086 3620 1242 3693 .Ceterun

143 3748 222 3805 tunc
247 3733 383 3832 quidem
411 3732 539 3805 nullum
566 3760 585 3806 a
612 3760 648 3806 se
674 3734 824 3807 contrahi
857 3733 1146 3807 matrimonium.»

216 3848 256 3920 Et
279 3849 316 3945 §.
340 3873 413 3947 seq.
438 3879 455 3916 «
473 3848 557 3920 lllud
586 3864 757 3947 praeterea
774 3848 869 3922 vohis
888 3848 1075 3921 curandum
1100 3869 1166 3937 cst,
1189 3844 1242 3943 (al-

141 3963 289 4061 loquitur
312 3964 546 4037 missionurios
564 3968 598 4058 ),
629 3991 670 4036 nc
696 3965 827 4036 etiamsi
854 3964 920 4037 duo
942 3963 1099 4038 catholici
1128 3964 1240 4038 civilem

141 4076 233 4149 illam
259 4103 299 4150 ac
324 4105 414 4151 merc
446 4078 616 4177 politicam
646 4106 757 4152 coram
793 4080 970 4152 haereticis
1002 4082 1237 4154 ceremoniam,

141 4194 345 4292 peregerint,
374 4195 515 4267 nimium
542 4196 627 4267 inter
658 4223 695 4268 sc
726 4195 933 4268 familiariter
958 4215 1079 4292 agant,
1111 4213 1166 4268 aut
1187 4187 1237 4265 sub

142 4323 227 4382 tecto
251 4310 419 4383 communi
446 4310 617 4398 habitent,
648 4312 713 4385 nisi
740 4338 777 4386 sc
803 4312 899 4410 prius
925 4312 1014 4386 veris
1040 4330 1072 4386 et
1099 4306 1235 4410 legitimis
