2804 5062
131 358 200 432 tet
323 374 386 430 ue.
406 373 442 429 ιι.
463 369 550 428 sacr.
571 372 703 427 rursm.
723 372 764 424 or
788 370 916 424 norror.
938 369 1049 424 crrnr.

130 498 259 603 passim
284 513 397 572 exorta
422 520 490 569 non
514 494 675 582 fuissent,
703 518 813 594 neque
837 506 887 568 tot
911 476 1138 580 haberentur,
1164 507 1237 593 quot

131 613 408 712 ingemiscentes,
438 611 502 686 hac
525 609 724 710 praesertim
748 623 856 683 aetate
885 606 977 682 mala
1009 607 1179 682 sentimus
1207 633 1239 682 ac

132 729 361 831 deploramus.
947 712 950 719 ¹

206 845 304 933 Quod
329 844 360 918 si
385 841 502 942 optimi
529 856 630 941 atque
646 865 725 916 rere
740 838 917 914 christiani
937 838 1106 939 principis
1125 865 1241 911 munus

132 976 186 1036 est
200 959 364 1035 ecclesiae
381 957 600 1059 patrocinari,
621 946 764 1057 eamque
788 955 968 1029 defendere
989 954 1160 1028 adversus
1177 953 1242 1027 eius

134 1074 251 1150 hostes
277 1089 378 1175 atque
403 1070 545 1148 rebelles
571 1070 678 1160 lilios,
706 1071 742 1143 id
769 1070 983 1172 potissimum
1000 1069 1071 1144 dici
1090 1068 1193 1143 debet
1207 1069 1243 1142 de

133 1190 294 1269 uniuersa
307 1187 518 1288 legislatione
534 1189 624 1262 circa
640 1187 833 1285 coniugium
847 1211 887 1260 ox
899 1212 968 1287 quo
982 1186 1045 1261 rite
1057 1184 1116 1260 rel
1134 1184 1243 1286 inique

135 1320 328 1381 conctracto
354 1320 402 1381 tot
425 1304 515 1379 bona
540 1318 598 1378 aut
622 1301 712 1378 mala
736 1302 773 1374 iu
789 1302 983 1377 societatem
1000 1302 1116 1402 ipsam
1133 1327 1242 1403 prore

135 1419 244 1494 aiunt.
1166 1462 1168 1466 ν

208 1532 317 1634 Atque
343 1534 407 1608 boc
431 1531 599 1634 estquod
624 1531 807 1608 identidem
831 1531 1008 1607 ecclesiam
1034 1530 1176 1632 impulit
1206 1528 1241 1604 ad

134 1673 234 1751 opem
259 1648 450 1750 principum
474 1649 623 1723 virorum
649 1646 845 1749 petendam,
873 1674 942 1749 qua
972 1662 1066 1722 sarta
1095 1662 1241 1747 tectaque

135 1762 254 1838 fierent
269 1780 405 1838 externa
421 1764 522 1838 etiam
539 1765 589 1854 vi,
608 1755 697 1865 quae
714 1763 948 1864 spiritualibus
966 1762 1087 1864 poenis
1109 1761 1155 1835 ab
1176 1762 1241 1862 ipsa

136 1878 281 1954 eeclesia
305 1880 395 1955 circa
419 1879 577 1978 coniugia
603 1879 733 1954 fuerant
757 1879 902 1968 sancita,
922 1878 982 1952 sed
1001 1903 1093 1979 quae
1108 1877 1154 1953 ob
1175 1903 1242 1977 per

136 1994 329 2068 versitatem
354 1995 535 2095 impiorum
560 1995 764 2095 contemptui
789 1993 966 2067 habentur.
989 1993 1090 2081 Quod
1112 1992 1241 2094 quiden

135 2108 291 2184 catholici
306 2110 477 2212 principes
491 2136 559 2185 noo
572 2137 646 2186 raro
658 2109 914 2211 praestiterunt,
929 2123 1030 2210 atque
1042 2108 1100 2183 sui
1110 2132 1241 2210 prorsus

135 2225 285 2300 muneris
309 2251 387 2300 esse
411 2225 590 2300 duxerunt.
620 2224 815 2325 Optandum
841 2224 955 2325 itaque
979 2225 1066 2299 foret
1095 2240 1134 2299 ot
1161 2223 1241 2298 obri

11 2386 15 2394 ·
136 2338 240 2413 atiani
266 2340 438 2442 principes
454 2339 546 2439 leges
564 2339 608 2413 ab
625 2339 769 2414 eeclesia
785 2339 872 2414 latas
889 2339 978 2414 circa
996 2337 1166 2439 nuptialia
1183 2337 1241 2412 foe·

138 2450 220 2528 dera
245 2479 312 2528 non
339 2454 449 2529 solum
475 2481 610 2555 semper
634 2454 929 2554 amplecterentur,
959 2454 1020 2528 sed
1050 2454 1156 2528 etiam
1177 2477 1241 2527 san

137 2569 263 2658 cirent,
292 2596 380 2670 quae
409 2570 547 2669 quidem
575 2572 723 2658 sanctio,
757 2570 835 2645 licet
866 2569 996 2642 nullum
1028 2569 1239 2644 intrinsecum

138 2681 242 2756 robur
266 2682 369 2756 addat
393 2684 631 2759 ecclesiasticis
649 2685 799 2783 legibus,
820 2701 930 2757 tamen
949 2710 1017 2757 non
1035 2712 1158 2785 parum
1176 2711 1241 2759 oon·

136 2797 238 2872 ferret
260 2813 298 2871 ut
322 2799 423 2873 etiam
449 2800 472 2871 ii
499 2802 557 2900 qui
585 2800 777 2900 spirituales
802 2827 928 2902 poenas
954 2827 1022 2875 non
1048 2804 1187 2891 timent,
1213 2801 1239 2873 in

137 2913 249 2988 officio
264 2914 518 2988 contineantur.

210 3029 406 3130 Optandum
431 3046 521 3105 essct
545 3044 717 3131 praeterea
746 3050 784 3106 ut
807 3034 984 3108 christiani
1006 3035 1181 3135 principes
1205 3034 1240 3108 oi·

136 3144 221 3220 viles
248 3145 339 3245 leges
365 3147 407 3220 de
431 3146 587 3245 coniugio
604 3150 651 3222 ita
668 3149 931 3239 conformarent,
951 3166 989 3223 ut
1013 3176 1150 3251 semper
1171 3150 1238 3222 har·

137 3263 270 3336 monice
293 3287 369 3336 cum
395 3261 557 3337 ecclesiae
574 3263 705 3363 legibus
723 3267 960 3340 consentirent.
981 3266 1037 3339 Sic
1053 3267 1156 3340 etiam
1174 3291 1240 3339 con·

137 3375 262 3451 sultum
288 3392 379 3451 esset
394 3379 469 3477 paci
487 3405 527 3452 ao
545 3380 777 3480 tranquillitati
795 3380 905 3481 ipsius
923 3381 1110 3456 societatis.
1137 3381 1239 3468 Quum

139 3492 232 3566 enim
257 3493 292 3564 in
317 3493 482 3582 materiis,
511 3521 598 3594 quae
623 3496 747 3568 mixtae
772 3496 940 3584 dicuntur,
969 3495 1161 3570 cuiusmodi
1186 3497 1240 3569 ista

137 3621 190 3680 est
214 3607 257 3680 de
285 3633 353 3707 qua
378 3607 599 3695 disserimus,
629 3609 747 3682 ambae
773 3625 955 3710 potestates
971 3610 1199 3685 ecclesiastica
1214 3623 1241 3681 et

138 3719 269 3809 civilis,
298 3747 358 3822 per
382 3722 523 3795 modum
549 3723 649 3798 unius
675 3725 783 3798 amice
808 3725 1018 3825 conspirant,
1049 3751 1117 3800 non
1151 3721 1239 3799 modo

140 3836 328 3909 animarum
353 3837 476 3927 saluti,
508 3867 622 3914 verum
652 3842 753 3940 etiam
786 3842 1018 3942 tranquillitati
1049 3842 1181 3918 ordinis
1207 3863 1239 3914 ac

141 3964 374 4051 temporaneae
399 3954 547 4031 felicitati
573 3957 698 4057 optimc
722 3957 918 4033 consulitur.
