2804 5062
239 332 308 407 338
487 351 550 405 uu.
571 350 607 404 u.
628 348 717 405 sacr.
739 347 763 402 ι.
779 346 820 402 ut
837 344 964 402 torma
981 345 1109 402 mcum.

237 497 342 575 super
358 470 612 573 impedimentis
630 469 843 570 disparitatis
855 467 966 544 cultus
978 469 1098 570 utique
1114 466 1359 570 approbatione

238 608 273 665 et
290 588 391 664 lande
413 602 467 664 est
489 587 605 686 dignu.
636 589 672 659 1.
698 583 813 686 regula
837 583 1060 660 immutabilis
1084 608 1193 686 quam
1217 585 1360 665 eeclesia

238 707 377 779 romanu
400 699 472 778 vdt‘
492 727 574 805 prae
593 700 703 776 oculis
720 698 838 774 haberi
850 715 922 788 est,
939 697 1026 774 utin
1038 713 1111 774 tuto
1123 699 1171 775 sit
1184 697 1276 776 fides
1287 726 1363 778 oon·

238 817 403 894 trahentis
416 816 591 905 catholici,
611 829 739 890 remoto
753 813 920 914 probabili
938 812 1088 916 periculo
1107 816 1357 917 pervasionist

239 935 275 1008 Ξ.
291 948 331 1009 ut
353 932 390 1006 in
415 947 486 1006 tuto
511 929 557 1007 sit
581 929 667 1005 fides
697 929 829 1031 prolis,
856 928 947 1004 datis
970 929 1097 1006 debitis
1121 930 1357 1020 oauuoniltus;

239 1051 274 1123 ³.
299 1062 339 1123 ut
361 1045 563 1121 interveniat
595 1043 781 1148 probabilis
805 1070 887 1147 spes
910 1044 956 1120 de
978 1046 1204 1149 consensione
1231 1063 1369 1123 eontra·⁴

236 1162 351 1238 hantis
377 1159 544 1249 infidelis,
571 1175 605 1236 et
625 1159 661 1234 in
687 1158 771 1235 locis
795 1176 949 1249 mutum,
967 1159 1027 1235 ubi
1050 1160 1170 1261 plnres
1188 1177 1272 1238 snut
1287 1161 1356 1236 inti·

238 1276 332 1352 deles
356 1300 460 1378 quam
484 1275 663 1350 christiani
688 1274 893 1351 concedatur
916 1274 1002 1351 haec
1027 1274 1354 1378 dispensatio...llo·

236 1392 379 1469 minatio
408 1409 467 1468 tna
494 1392 621 1493 optime
657 1391 788 1492 colligit
818 1419 887 1468 non
919 1391 1043 1468 debere
1071 1391 1351 1495 demtionem

241 1507 405 1608 impertiri
432 1505 654 1596 mulieribus,
681 1532 771 1608 quae
794 1506 994 1582 contrahere
1023 1505 1145 1583 nolunt
1179 1532 1260 1583 curn
1288 1508 1352 1584 int

238 1621 374 1698 delibus
407 1637 542 1724 praeter
574 1646 677 1722 quum
711 1622 748 1695 in
778 1620 917 1698 'casibus
951 1621 1039 1698 raris
1070 1637 1107 1697 et
1135 1623 1351 1702 exuaordino

239 1765 340 1814 rus.»

312 1854 369 1930 Sic
393 1854 451 1930 die
477 1856 511 1929 3.
533 1853 606 1928 lan.
628 1855 737 1928 tlte.
758 1853 886 1928 Eadem
911 1854 1127 1954 congregatio
1143 1855 1190 1931 ad
1208 1856 1350 1959 quintam

239 1970 381 2047 dubium
407 1970 559 2072 episcopi
584 1969 796 2046 cenadiensis
819 1970 938 2045 vicarii
965 1970 1143 2072 apostolici
1168 1973 1349 2062 Smtcluuen,

240 2087 400 2162 scilicet:
426 2086 516 2160 «dn
541 2086 751 2161 missiouarii
771 2081 975 2189 dispensare
999 2086 1133 2187 possint
1156 2088 1196 2162 in
1221 2089 1352 2191 impedi

240 2218 352 2278 mento
369 2202 579 2303 disparitatis
596 2200 708 2276 crdtus
725 2227 802 2276 cum
816 2201 957 2278 muliero
969 2200 1080 2291 fideli,
1095 2205 1259 2305 quemme
1270 2219 1351 2307 raptu

245 2318 365 2408 fuerit,
394 2343 458 2393 mec
481 2317 517 2390 in
542 2317 617 2393 loco
641 2332 713 2392 tuto
737 2316 889 2406 reddita,
908 2316 1091 2393 dummodo
1110 2319 1189 2419 ipsa
1206 2318 1350 2394 libatein

239 2432 489 2509 matrimonium
515 2429 728 2508 consentiat?
744 2431 828 2506 Cum
854 2433 890 2506 in
908 2430 1043 2508 decreto
1058 2432 1234 2510 facultatis
1255 2450 1351 2510 exue

243 2548 454 2637 ordinariae,
481 2574 572 2648 quae
595 2546 640 2622 ud
664 2561 798 2648 tempus
823 2546 963 2622 concedi
989 2547 1075 2623 solet
1103 2550 1280 2650 episcopis
1309 2548 1350 2622 ri·

242 2665 346 2740 curiis
371 2662 569 2764 apostolicis
595 2661 767 2736 lndiarum
784 2660 998 2736 orientalium
1015 2661 1241 2763 dispensandi
1260 2687 1351 2763 snper

243 2779 485 2879 impedimento
502 2777 714 2878 disparitatis
731 2775 864 2865 cultus,
886 2777 1015 2853 omissa
1027 2778 1073 2852 sit
1085 2776 1262 2868 clausula,
1275 2801 1350 2879 quae

244 2893 280 2965 in
313 2892 457 2966 aliarum
491 2891 687 2967 facultatum
721 2891 876 2967 formulis
906 2894 1062 2995 appositu
1089 2893 1235 2993 legitur:
1268 2894 1349 2967 durs

243 3007 337 3110 epodo
357 3007 477 3081 mulier
500 3022 600 3106 rupto
624 3034 688 3080 ooo
705 3009 823 3108 suaet,
843 3024 874 3080 et
891 3009 927 3082 ie
945 3024 1104 3109 potestate
1128 3011 1276 3110 ruptores
1296 3033 1349 3082 non

242 3126 382 3210 eatstan
403 3123 468 3197 hoc
485 3123 560 3225 ipso
578 3148 776 3198 concessum
800 3122 946 3212 videtur,
966 3124 1055 3225 quod
1073 3150 1142 3200 non
1159 3141 1215 3201 est
1231 3126 1267 3199 in
1282 3150 1349 3201 oon·

242 3240 393 3314 cedentis
418 3239 552 3314 decreto
578 3238 780 3313 restrictum.
801 3237 885 3312 Cum
910 3254 1021 3314 amen
1046 3240 1149 3314 etiam
1173 3242 1220 3315 de
1239 3241 1274 3316 vi
1296 3240 1350 3314 hu·

244 3356 338 3429 iusce
364 3354 533 3429 facultatis
558 3353 844 3428 extraordinariae
867 3353 1009 3429 dubium
1033 3371 1186 3429 exortum
1212 3358 1260 3433 ait
1275 3356 1350 3430 inter

243 3471 421 3559 sinenses‚
441 3497 484 3543 ne
502 3469 663 3570 suspensi
680 3484 838 3543 maneant
853 3469 956 3543 animi
981 3468 1025 3544 de
1048 3469 1164 3546 valore
1189 3471 1349 3548 matrimo

243 3586 337 3659 uiis
358 3586 615 3687 Responderunt
639 3585 848 3660 eminentiss.
871 3600 984 3686 patres
1008 3587 1045 3661 in
1073 3590 1250 3690 proposito
1279 3611 1349 3663 casu

244 3700 504 3800 supplicandum
531 3701 745 3801 pontificem,
772 3715 809 3774 ut
838 3699 995 3801 dignetur
1023 3701 1199 3778 declarare
1230 3703 1350 3807 episoo·

242 3842 306 3917 pos
325 3833 359 3891 et
373 3816 518 3891 vicarios
543 3817 744 3918 apostolicos
770 3817 894 3916 quibus
919 3843 1081 3893 concessa
1105 3836 1160 3894 est
1175 3815 1349 3896 extraordi-

243 3931 340 4004 naria
365 3930 424 4005 illa
449 3931 595 4006 facultas
621 3933 840 4034 dispensandi
866 3958 970 4033 super
994 3932 1196 4034 disparitate
1227 3934 1344 4018 cultus,

243 4045 293 4117 uti
306 4071 347 4118 ea
359 4044 491 4134 valere,
513 4047 676 4145 gravibus
693 4047 861 4123 decausis
879 4049 914 4120 in
940 4047 1087 4148 singulis
1104 4049 1246 4125 casibus
1263 4060 1347 4152 prout

245 4158 280 4230 in
294 4157 384 4234 dicto
397 4160 530 4236 decreto
548 4164 747 4262 exponitur,
767 4163 869 4237 etiam
888 4162 924 4236 in
941 4189 1024 4239 casu
1041 4190 1109 4265 quo
1127 4163 1252 4241 mulier
1267 4176 1346 4264 raptu

244 4271 363 4362 fuerit,
394 4275 538 4351 necdum
557 4293 627 4354 tuto
644 4275 718 4355 loco
736 4279 909 4367 restituta,
930 4278 1075 4358 constitu
1091 4295 1171 4358 ants
1191 4279 1237 4357 da
1255 4277 1347 4353 libem
