<?xml version="1.0" encoding="UTF-8"?>
<!DOCTYPE html PUBLIC "-//W3C//DTD XHTML 1.0 Transitional//EN"
    "http://www.w3.org/TR/xhtml1/DTD/xhtml1-transitional.dtd">
<html xmlns="http://www.w3.org/1999/xhtml" xml:lang="en" lang="en">
 <head>
  <title>
</title>
<meta http-equiv="Content-Type" content="text/html;charset=utf-8" />
  <meta name='ocr-system' content='tesseract 3.04.00' />
  <meta name='ocr-capabilities' content='ocr_page ocr_carea ocr_par ocr_line ocrx_word'/>
</head>
<body>
  <div class='ocr_page' id='page_1' title='image "./dematrimoniochr02perrgoog_0445.png"; bbox 0 0 2804 5062; ppageno 0'>
   <div class='ocr_carea' id='block_1_1' title="bbox 237 334 1151 407">
    <p class='ocr_par' dir='ltr' id='par_1_1' title="bbox 237 334 1151 407">
     <span class='ocr_line' id='line_1_1' title="bbox 237 334 1151 407; baseline -0.001 -3"><span class='ocrx_word' id='word_1_1' title='bbox 237 334 305 405; x_wconf 77' lang='lat' dir='ltr'><strong>tto</strong></span> <span class='ocrx_word' id='word_1_2' title='bbox 365 346 368 352; x_wconf 89' lang='grc'><strong><em>·</em></strong></span> <span class='ocrx_word' id='word_1_3' title='bbox 429 357 491 407; x_wconf 86' lang='grc' dir='ltr'><strong>ιιι.</strong></span> <span class='ocrx_word' id='word_1_4' title='bbox 512 356 549 406; x_wconf 89' lang='grc' dir='ltr'><strong>ιι.</strong></span> <span class='ocrx_word' id='word_1_5' title='bbox 569 355 656 407; x_wconf 83' lang='lat' dir='ltr'><strong>saer.</strong></span> <span class='ocrx_word' id='word_1_6' title='bbox 677 355 807 406; x_wconf 81' lang='grc' dir='ltr'><strong>ιιιιιι.</strong></span> <span class='ocrx_word' id='word_1_7' title='bbox 827 354 868 406; x_wconf 83' lang='grc' dir='ltr'><strong>ιι</strong></span> <span class='ocrx_word' id='word_1_8' title='bbox 893 351 1020 406; x_wconf 82' lang='grc' dir='ltr'><strong>ιοιιιι.</strong></span> <span class='ocrx_word' id='word_1_9' title='bbox 1040 352 1151 406; x_wconf 83' lang='grc' dir='ltr'><strong>ιιιιιι.</strong></span> 
     </span>
    </p>
   </div>
   <div class='ocr_carea' id='block_1_2' title="bbox 235 470 1347 1034">
    <p class='ocr_par' dir='ltr' id='par_1_2' title="bbox 235 470 1347 1034">
     <span class='ocr_line' id='line_1_2' title="bbox 309 470 1345 573; baseline -0.001 -26"><span class='ocrx_word' id='word_1_10' title='bbox 309 473 461 561; x_wconf 85' lang='lat' dir='ltr'><strong>Quodsi</strong></span> <span class='ocrx_word' id='word_1_11' title='bbox 492 472 559 547; x_wconf 85' lang='lat' dir='ltr'><strong>h&#39;ae</strong></span> <span class='ocrx_word' id='word_1_12' title='bbox 589 472 681 572; x_wconf 78' lang='lat' dir='ltr'><strong>leges</strong></span> <span class='ocrx_word' id='word_1_13' title='bbox 711 471 860 573; x_wconf 91' lang='lat' dir='ltr'><strong>aliquam</strong></span> <span class='ocrx_word' id='word_1_14' title='bbox 884 474 953 547; x_wconf 82' lang='lat' dir='ltr'><strong>uim</strong></span> <span class='ocrx_word' id='word_1_15' title='bbox 984 473 1019 546; x_wconf 94' lang='lat' dir='ltr'><strong>in</strong></span> <span class='ocrx_word' id='word_1_16' title='bbox 1050 470 1229 548; x_wconf 79' lang='lat' dir='ltr'><strong>vincutum</strong></span> <span class='ocrx_word' id='word_1_17' title='bbox 1259 470 1345 546; x_wconf 83' lang='lat' dir='ltr'><strong>iuxta</strong></span> 
     </span>
     <span class='ocr_line' id='line_1_3' title="bbox 236 587 1347 689; baseline -0.001 -26"><span class='ocrx_word' id='word_1_18' title='bbox 236 589 368 689; x_wconf 89' lang='lat' dir='ltr'><strong>aliquos</strong></span> <span class='ocrx_word' id='word_1_19' title='bbox 399 587 525 663; x_wconf 89' lang='lat' dir='ltr'><strong>habere</strong></span> <span class='ocrx_word' id='word_1_20' title='bbox 558 603 763 688; x_wconf 89' lang='lat' dir='ltr'><strong>potuerunt,</strong></span> <span class='ocrx_word' id='word_1_21' title='bbox 795 587 830 661; x_wconf 90' lang='lat' dir='ltr'><strong>id</strong></span> <span class='ocrx_word' id='word_1_22' title='bbox 863 588 973 663; x_wconf 85' lang='lat' dir='ltr'><strong>solum</strong></span> <span class='ocrx_word' id='word_1_23' title='bbox 999 587 1043 662; x_wconf 89' lang='lat' dir='ltr'><strong>ad</strong></span> <span class='ocrx_word' id='word_1_24' title='bbox 1068 614 1243 663; x_wconf 91' lang='lat' dir='ltr'><strong>summum</strong></span> <span class='ocrx_word' id='word_1_25' title='bbox 1274 611 1347 662; x_wconf 87' lang='lat' dir='ltr'><strong>coa·</strong></span> 
     </span>
     <span class='ocr_line' id='line_1_4' title="bbox 235 702 1344 804; baseline -0.005 -26"><span class='ocrx_word' id='word_1_26' title='bbox 235 704 309 778; x_wconf 88' lang='lat' dir='ltr'><strong>cedi</strong></span> <span class='ocrx_word' id='word_1_27' title='bbox 334 718 465 804; x_wconf 86' lang='lat' dir='ltr'><strong>posset,</strong></span> <span class='ocrx_word' id='word_1_28' title='bbox 494 719 661 804; x_wconf 81' lang='lat' dir='ltr'><strong>quatenus</strong></span> <span class='ocrx_word' id='word_1_29' title='bbox 685 702 857 803; x_wconf 87' lang='lat' dir='ltr'><strong>principes</strong></span> <span class='ocrx_word' id='word_1_30' title='bbox 881 729 941 778; x_wconf 88' lang='lat' dir='ltr'><strong>eas</strong></span> <span class='ocrx_word' id='word_1_31' title='bbox 965 703 1056 801; x_wconf 80' lang='lat' dir='ltr'><strong>leges</strong></span> <span class='ocrx_word' id='word_1_32' title='bbox 1081 702 1256 790; x_wconf 88' lang='lat' dir='ltr'><strong>tulerunt,</strong></span> <span class='ocrx_word' id='word_1_33' title='bbox 1282 728 1344 777; x_wconf 89' lang='lat' dir='ltr'><strong>non</strong></span> 
     </span>
     <span class='ocr_line' id='line_1_5' title="bbox 236 816 1347 919; baseline -0.003 -26"><span class='ocrx_word' id='word_1_34' title='bbox 236 834 304 893; x_wconf 91' lang='lat' dir='ltr'><strong>tam</strong></span> <span class='ocrx_word' id='word_1_35' title='bbox 329 835 367 893; x_wconf 90' lang='lat' dir='ltr'><strong>ut</strong></span> <span class='ocrx_word' id='word_1_36' title='bbox 390 818 507 893; x_wconf 74' lang='lat' dir='ltr'><strong>ciuiles</strong></span> <span class='ocrx_word' id='word_1_37' title='bbox 531 818 719 919; x_wconf 89' lang='lat' dir='ltr'><strong>principes,</strong></span> <span class='ocrx_word' id='word_1_38' title='bbox 748 843 849 919; x_wconf 87' lang='lat' dir='ltr'><strong>quam</strong></span> <span class='ocrx_word' id='word_1_39' title='bbox 873 834 913 892; x_wconf 87' lang='lat' dir='ltr'><strong>ut</strong></span> <span class='ocrx_word' id='word_1_40' title='bbox 935 818 1114 918; x_wconf 86' lang='lat' dir='ltr'><strong>pontifices</strong></span> <span class='ocrx_word' id='word_1_41' title='bbox 1132 841 1174 891; x_wconf 91' lang='lat' dir='ltr'><strong>ac</strong></span> <span class='ocrx_word' id='word_1_42' title='bbox 1195 816 1347 892; x_wconf 84' lang='lat' dir='ltr'><strong>sacerdo·</strong></span> 
     </span>
     <span class='ocr_line' id='line_1_6' title="bbox 236 930 1347 1034; baseline -0.002 -26"><span class='ocrx_word' id='word_1_43' title='bbox 236 948 286 1008; x_wconf 90' lang='lat' dir='ltr'><strong>tas</strong></span> <span class='ocrx_word' id='word_1_44' title='bbox 310 935 347 1006; x_wconf 84' lang='lat' dir='ltr'><strong>in</strong></span> <span class='ocrx_word' id='word_1_45' title='bbox 372 958 518 1034; x_wconf 91' lang='lat' dir='ltr'><strong>persona</strong></span> <span class='ocrx_word' id='word_1_46' title='bbox 541 931 706 1034; x_wconf 89' lang='lat' dir='ltr'><strong>principis</strong></span> <span class='ocrx_word' id='word_1_47' title='bbox 731 933 899 1032; x_wconf 78' lang='lat' dir='ltr'>supremi,</span> <span class='ocrx_word' id='word_1_48' title='bbox 927 930 1010 1033; x_wconf 88' lang='lat' dir='ltr'><strong>quia</strong></span> <span class='ocrx_word' id='word_1_49' title='bbox 1026 932 1178 1031; x_wconf 81' lang='lat' dir='ltr'><strong>dignitas</strong></span> <span class='ocrx_word' id='word_1_50' title='bbox 1196 931 1347 1007; x_wconf 87' lang='lat' dir='ltr'><strong>sacerdo·</strong></span> 
     </span>
    </p>
   </div>
   <div class='ocr_carea' id='block_1_3' title="bbox 156 1046 1351 3907">
    <p class='ocr_par' dir='ltr' id='par_1_3' title="bbox 156 1046 1351 3791">
     <span class='ocr_line' id='line_1_7' title="bbox 235 1046 1347 1149; baseline -0.004 -26"><span class='ocrx_word' id='word_1_51' title='bbox 235 1048 313 1123; x_wconf 88' lang='lat' dir='ltr'><strong>talis</strong></span> <span class='ocrx_word' id='word_1_52' title='bbox 338 1075 399 1123; x_wconf 89' lang='lat' dir='ltr'><strong>seu</strong></span> <span class='ocrx_word' id='word_1_53' title='bbox 424 1047 596 1149; x_wconf 89' lang='lat' dir='ltr'><strong>pontificia</strong></span> <span class='ocrx_word' id='word_1_54' title='bbox 621 1047 713 1145; x_wconf 77' lang='lat' dir='ltr'><strong>regio</strong></span> <span class='ocrx_word' id='word_1_55' title='bbox 730 1072 771 1120; x_wconf 89' lang='lat' dir='ltr'><strong>ee</strong></span> <span class='ocrx_word' id='word_1_56' title='bbox 788 1046 953 1148; x_wconf 88' lang='lat' dir='ltr'><strong>imperiali</strong></span> <span class='ocrx_word' id='word_1_57' title='bbox 980 1046 1121 1122; x_wconf 81' lang='lat' dir='ltr'><strong>culmini</strong></span> <span class='ocrx_word' id='word_1_58' title='bbox 1147 1073 1257 1148; x_wconf 88' lang='lat' dir='ltr'><strong>saepe</strong></span> <span class='ocrx_word' id='word_1_59' title='bbox 1276 1071 1347 1121; x_wconf 91' lang='lat' dir='ltr'><strong>oon·</strong></span> 
     </span>
     <span class='ocr_line' id='line_1_8' title="bbox 235 1162 1344 1263; baseline -0.002 -28"><span class='ocrx_word' id='word_1_60' title='bbox 235 1163 348 1237; x_wconf 90' lang='lat' dir='ltr'><strong>iuncta</strong></span> <span class='ocrx_word' id='word_1_61' title='bbox 373 1163 460 1251; x_wconf 90' lang='lat' dir='ltr'><strong>luit,</strong></span> <span class='ocrx_word' id='word_1_62' title='bbox 488 1177 521 1237; x_wconf 92' lang='lat' dir='ltr'><strong>et</strong></span> <span class='ocrx_word' id='word_1_63' title='bbox 544 1162 777 1263; x_wconf 86' lang='lat' dir='ltr'><strong>quadantenus</strong></span> <span class='ocrx_word' id='word_1_64' title='bbox 801 1163 837 1236; x_wconf 90' lang='lat' dir='ltr'><strong>in</strong></span> <span class='ocrx_word' id='word_1_65' title='bbox 862 1189 966 1236; x_wconf 90' lang='lat' dir='ltr'><strong>unum</strong></span> <span class='ocrx_word' id='word_1_66' title='bbox 989 1162 1130 1237; x_wconf 75' lang='lat' dir='ltr'>coaluit:</span> <span class='ocrx_word' id='word_1_67' title='bbox 1157 1163 1344 1261; x_wconf 79' lang='lat' dir='ltr'><strong>coniugium</strong></span> 
     </span>
     <span class='ocr_line' id='line_1_9' title="bbox 234 1274 1345 1378; baseline -0.005 -25"><span class='ocrx_word' id='word_1_68' title='bbox 234 1302 313 1353; x_wconf 86' lang='lat' dir='ltr'><strong>rero</strong></span> <span class='ocrx_word' id='word_1_69' title='bbox 343 1303 385 1351; x_wconf 90' lang='lat' dir='ltr'><strong>ex</strong></span> <span class='ocrx_word' id='word_1_70' title='bbox 412 1276 597 1352; x_wconf 80' lang='lat' dir='ltr'><strong>uniuersali</strong></span> <span class='ocrx_word' id='word_1_71' title='bbox 628 1276 776 1378; x_wconf 89' lang='lat' dir='ltr'><strong>quadem</strong></span> <span class='ocrx_word' id='word_1_72' title='bbox 804 1276 985 1351; x_wconf 77' lang='lat' dir='ltr'><strong>traditione</strong></span> <span class='ocrx_word' id='word_1_73' title='bbox 1012 1293 1190 1377; x_wconf 89' lang='lat' dir='ltr'><strong>tamquam</strong></span> <span class='ocrx_word' id='word_1_74' title='bbox 1223 1274 1345 1376; x_wconf 84' lang='lat' dir='ltr'><strong>aliquid</strong></span> 
     </span>
     <span class='ocr_line' id='line_1_10' title="bbox 236 1390 1343 1492; baseline -0.005 -24"><span class='ocrx_word' id='word_1_75' title='bbox 236 1420 369 1469; x_wconf 91' lang='lat' dir='ltr'><strong>sacrum</strong></span> <span class='ocrx_word' id='word_1_76' title='bbox 394 1419 434 1468; x_wconf 92' lang='lat' dir='ltr'><strong>ac</strong></span> <span class='ocrx_word' id='word_1_77' title='bbox 458 1392 636 1492; x_wconf 78' lang='lat' dir='ltr'><strong>religiosae</strong></span> <span class='ocrx_word' id='word_1_78' title='bbox 661 1392 848 1467; x_wconf 73' lang='lat' dir='ltr'><strong>auctoritati</strong></span> <span class='ocrx_word' id='word_1_79' title='bbox 873 1392 1054 1467; x_wconf 80' lang='lat' dir='ltr'><strong>obnoxium</strong></span> <span class='ocrx_word' id='word_1_80' title='bbox 1085 1391 1247 1466; x_wconf 88' lang='lat' dir='ltr'><strong>habitum</strong></span> <span class='ocrx_word' id='word_1_81' title='bbox 1270 1390 1343 1476; x_wconf 87' lang='lat' dir='ltr'><strong>luit,</strong></span> 
     </span>
     <span class='ocr_line' id='line_1_11' title="bbox 236 1504 1345 1610; baseline -0.003 -27"><span class='ocrx_word' id='word_1_82' title='bbox 236 1509 388 1610; x_wconf 89' lang='lat' dir='ltr'><strong>adeoque</strong></span> <span class='ocrx_word' id='word_1_83' title='bbox 413 1508 603 1607; x_wconf 80' lang='lat' dir='ltr'><strong>legislatio,</strong></span> <span class='ocrx_word' id='word_1_84' title='bbox 632 1507 847 1609; x_wconf 89' lang='lat' dir='ltr'><strong>potissimum</strong></span> <span class='ocrx_word' id='word_1_85' title='bbox 871 1507 915 1581; x_wconf 85' lang='lat' dir='ltr'><strong>de</strong></span> <span class='ocrx_word' id='word_1_86' title='bbox 938 1507 1176 1597; x_wconf 89' lang='lat' dir='ltr'><strong>matrimonio,</strong></span> <span class='ocrx_word' id='word_1_87' title='bbox 1198 1504 1345 1582; x_wconf 84' lang='lat' dir='ltr'><strong>secerdo-</strong></span> 
     </span>
     <span class='ocr_line' id='line_1_12' title="bbox 237 1622 1344 1724; baseline -0.005 -25"><span class='ocrx_word' id='word_1_88' title='bbox 237 1624 315 1699; x_wconf 87' lang='lat' dir='ltr'><strong>talis</strong></span> <span class='ocrx_word' id='word_1_89' title='bbox 340 1650 418 1698; x_wconf 89' lang='lat' dir='ltr'><strong>esse</strong></span> <span class='ocrx_word' id='word_1_90' title='bbox 441 1623 618 1699; x_wconf 79' lang='lat' dir='ltr'><strong>consuerit</strong></span> <span class='ocrx_word' id='word_1_91' title='bbox 642 1648 747 1724; x_wconf 88' lang='lat' dir='ltr'><strong>penes</strong></span> <span class='ocrx_word' id='word_1_92' title='bbox 778 1648 921 1723; x_wconf 85' lang='lat' dir='ltr'><strong>persas,</strong></span> <span class='ocrx_word' id='word_1_93' title='bbox 954 1622 1157 1724; x_wconf 78' lang='lat' dir='ltr'><strong>aegyptios,</strong></span> <span class='ocrx_word' id='word_1_94' title='bbox 1193 1647 1259 1697; x_wconf 91' lang='lat' dir='ltr'><strong>nec</strong></span> <span class='ocrx_word' id='word_1_95' title='bbox 1285 1646 1344 1695; x_wconf 86' lang='grc' dir='ltr'><strong>ιιι</strong></span> 
     </span>
     <span class='ocr_line' id='line_1_13' title="bbox 237 1734 1344 1840; baseline -0.004 -28"><span class='ocrx_word' id='word_1_96' title='bbox 237 1765 343 1840; x_wconf 91' lang='lat' dir='ltr'><strong>peaes</strong></span> <span class='ocrx_word' id='word_1_97' title='bbox 361 1764 518 1814; x_wconf 89' lang='lat' dir='ltr'><strong>romanos</strong></span> <span class='ocrx_word' id='word_1_98' title='bbox 538 1739 628 1835; x_wconf 73' lang='lat'>(17).</span> <span class='ocrx_word' id='word_1_99' title='bbox 648 1737 691 1811; x_wconf 79' lang='lat' dir='ltr'><strong>At</strong></span> <span class='ocrx_word' id='word_1_100' title='bbox 706 1736 896 1839; x_wconf 89' lang='lat' dir='ltr'><strong>principes,</strong></span> <span class='ocrx_word' id='word_1_101' title='bbox 916 1753 1017 1838; x_wconf 91' lang='lat' dir='ltr'><strong>prout</strong></span> <span class='ocrx_word' id='word_1_102' title='bbox 1032 1736 1210 1838; x_wconf 79' lang='lat' dir='ltr'><strong>principes</strong></span> <span class='ocrx_word' id='word_1_103' title='bbox 1227 1734 1344 1837; x_wconf 82' lang='lat' dir='ltr'><strong>politici</strong></span> 
     </span>
     <span class='ocr_line' id='line_1_14' title="bbox 156 1850 1347 1951; baseline -0.005 -22"><span class='ocrx_word' id='word_1_104' title='bbox 156 1865 163 1879; x_wconf 87' lang='lat'>&#39;</span> <span class='ocrx_word' id='word_1_105' title='bbox 237 1869 319 1929; x_wconf 90' lang='lat' dir='ltr'><strong>sunt</strong></span> <span class='ocrx_word' id='word_1_106' title='bbox 342 1854 470 1928; x_wconf 88' lang='lat' dir='ltr'><strong>nullam</strong></span> <span class='ocrx_word' id='word_1_107' title='bbox 495 1851 599 1926; x_wconf 90' lang='lat' dir='ltr'><strong>relate</strong></span> <span class='ocrx_word' id='word_1_108' title='bbox 622 1852 667 1925; x_wconf 88' lang='lat' dir='ltr'><strong>ed</strong></span> <span class='ocrx_word' id='word_1_109' title='bbox 690 1851 895 1926; x_wconf 89' lang='lat' dir='ltr'><strong>matrimonii</strong></span> <span class='ocrx_word' id='word_1_110' title='bbox 917 1851 1113 1938; x_wconf 79' lang='lat' dir='ltr'><strong>vinculum,</strong></span> <span class='ocrx_word' id='word_1_111' title='bbox 1132 1866 1170 1924; x_wconf 86' lang='lat' dir='ltr'><strong>et</strong></span> <span class='ocrx_word' id='word_1_112' title='bbox 1186 1850 1233 1924; x_wconf 87' lang='lat' dir='ltr'><strong>ad</strong></span> <span class='ocrx_word' id='word_1_113' title='bbox 1249 1850 1347 1951; x_wconf 90' lang='lat' dir='ltr'><strong>impe·</strong></span> 
     </span>
     <span class='ocr_line' id='line_1_15' title="bbox 238 1965 1348 2067; baseline -0.002 -27"><span class='ocrx_word' id='word_1_114' title='bbox 238 1967 389 2042; x_wconf 86' lang='lat' dir='ltr'><strong>dimente</strong></span> <span class='ocrx_word' id='word_1_115' title='bbox 418 1967 612 2042; x_wconf 89' lang='lat' dir='ltr'><strong>dirimentia</strong></span> <span class='ocrx_word' id='word_1_116' title='bbox 636 1982 831 2067; x_wconf 88' lang='lat' dir='ltr'><strong>potestatem</strong></span> <span class='ocrx_word' id='word_1_117' title='bbox 856 1992 1005 2067; x_wconf 90' lang='lat' dir='ltr'><strong>unquam</strong></span> <span class='ocrx_word' id='word_1_118' title='bbox 1029 1965 1239 2040; x_wconf 87' lang='lat' dir='ltr'><strong>habuerunt.</strong></span> <span class='ocrx_word' id='word_1_119' title='bbox 1265 1965 1348 2038; x_wconf 80' lang='lat' dir='ltr'><strong>Haeo</strong></span> 
     </span>
     <span class='ocr_line' id='line_1_16' title="bbox 237 2080 1347 2182; baseline -0.002 -27"><span class='ocrx_word' id='word_1_120' title='bbox 237 2082 391 2182; x_wconf 87' lang='lat' dir='ltr'><strong>quidem,</strong></span> <span class='ocrx_word' id='word_1_121' title='bbox 420 2083 485 2157; x_wconf 88' lang='lat' dir='ltr'><strong>etsi</strong></span> <span class='ocrx_word' id='word_1_122' title='bbox 510 2080 546 2154; x_wconf 90' lang='lat' dir='ltr'><strong>in</strong></span> <span class='ocrx_word' id='word_1_123' title='bbox 571 2080 761 2169; x_wconf 85' lang='lat' dir='ltr'><strong>abstracto,</strong></span> <span class='ocrx_word' id='word_1_124' title='bbox 789 2097 827 2154; x_wconf 88' lang='lat' dir='ltr'><strong>ut</strong></span> <span class='ocrx_word' id='word_1_125' title='bbox 850 2081 963 2168; x_wconf 88' lang='lat' dir='ltr'><strong>aiunt,</strong></span> <span class='ocrx_word' id='word_1_126' title='bbox 998 2095 1150 2180; x_wconf 85' lang='lat' dir='ltr'><strong>spectata</strong></span> <span class='ocrx_word' id='word_1_127' title='bbox 1180 2081 1347 2156; x_wconf 65' lang='lat' dir='ltr'><strong>mitatem</strong></span> 
     </span>
     <span class='ocr_line' id='line_1_17' title="bbox 238 2196 1346 2298; baseline -0.002 -27"><span class='ocrx_word' id='word_1_128' title='bbox 238 2197 567 2285; x_wconf 61' lang='lat' dir='ltr'><strong>annominemus,</strong></span> <span class='ocrx_word' id='word_1_129' title='bbox 588 2198 624 2269; x_wconf 91' lang='lat' dir='ltr'><strong>in</strong></span> <span class='ocrx_word' id='word_1_130' title='bbox 642 2212 795 2273; x_wconf 91' lang='lat' dir='ltr'><strong>concreto</strong></span> <span class='ocrx_word' id='word_1_131' title='bbox 812 2196 1033 2272; x_wconf 88' lang='lat' dir='ltr'><strong>nihilominus</strong></span> <span class='ocrx_word' id='word_1_132' title='bbox 1050 2197 1080 2270; x_wconf 87' lang='lat' dir='ltr'><strong>ei</strong></span> <span class='ocrx_word' id='word_1_133' title='bbox 1099 2222 1156 2271; x_wconf 87' lang='lat' dir='ltr'><strong>res</strong></span> <span class='ocrx_word' id='word_1_134' title='bbox 1169 2213 1346 2298; x_wconf 84' lang='lat' dir='ltr'><strong>spectetur,</strong></span> 
     </span>
     <span class='ocr_line' id='line_1_18' title="bbox 237 2311 1349 2414; baseline -0.004 -26"><span class='ocrx_word' id='word_1_135' title='bbox 237 2338 305 2388; x_wconf 88' lang='lat' dir='ltr'><strong>non</strong></span> <span class='ocrx_word' id='word_1_136' title='bbox 331 2313 451 2414; x_wconf 90' lang='lat' dir='ltr'><strong>paucis</strong></span> <span class='ocrx_word' id='word_1_137' title='bbox 477 2313 622 2388; x_wconf 87' lang='lat' dir='ltr'><strong>subsunt</strong></span> <span class='ocrx_word' id='word_1_138' title='bbox 647 2311 923 2401; x_wconf 85' lang='lat' dir='ltr'><strong>dillicrrltetibus;</strong></span> <span class='ocrx_word' id='word_1_139' title='bbox 950 2328 989 2386; x_wconf 90' lang='lat' dir='ltr'><strong>ut</strong></span> <span class='ocrx_word' id='word_1_140' title='bbox 1011 2312 1103 2386; x_wconf 91' lang='lat' dir='ltr'><strong>enim</strong></span> <span class='ocrx_word' id='word_1_141' title='bbox 1121 2330 1246 2412; x_wconf 85' lang='lat' dir='ltr'><strong>postea</strong></span> <span class='ocrx_word' id='word_1_142' title='bbox 1263 2311 1349 2387; x_wconf 81' lang='lat' dir='ltr'><strong>ride·</strong></span> 
     </span>
     <span class='ocr_line' id='line_1_19' title="bbox 236 2427 1349 2527; baseline -0.001 -26"><span class='ocrx_word' id='word_1_143' title='bbox 236 2427 365 2516; x_wconf 88' lang='lat' dir='ltr'><strong>bimus,</strong></span> <span class='ocrx_word' id='word_1_144' title='bbox 382 2428 554 2527; x_wconf 89' lang='lat' dir='ltr'><strong>principes</strong></span> <span class='ocrx_word' id='word_1_145' title='bbox 573 2427 728 2502; x_wconf 85' lang='lat' dir='ltr'><strong>infideles</strong></span> <span class='ocrx_word' id='word_1_146' title='bbox 739 2452 816 2500; x_wconf 91' lang='lat' dir='ltr'><strong>oum</strong></span> <span class='ocrx_word' id='word_1_147' title='bbox 831 2427 950 2502; x_wconf 85' lang='lat' dir='ltr'><strong>falsam</strong></span> <span class='ocrx_word' id='word_1_148' title='bbox 964 2452 1005 2501; x_wconf 91' lang='lat' dir='ltr'><strong>ac</strong></span> <span class='ocrx_word' id='word_1_149' title='bbox 1017 2427 1292 2527; x_wconf 86' lang='lat' dir='ltr'><strong>superstitiosam</strong></span> <span class='ocrx_word' id='word_1_150' title='bbox 1303 2452 1349 2500; x_wconf 93' lang='lat' dir='ltr'><strong>re·</strong></span> 
     </span>
     <span class='ocr_line' id='line_1_20' title="bbox 236 2542 1347 2641; baseline -0.002 -28"><span class='ocrx_word' id='word_1_151' title='bbox 236 2542 395 2640; x_wconf 76' lang='lat' dir='ltr'><strong>ligioncm</strong></span> <span class='ocrx_word' id='word_1_152' title='bbox 422 2543 655 2641; x_wconf 86' lang='lat' dir='ltr'><strong>profiterentur</strong></span> <span class='ocrx_word' id='word_1_153' title='bbox 680 2543 777 2615; x_wconf 88' lang='lat' dir='ltr'><strong>cuius</strong></span> <span class='ocrx_word' id='word_1_154' title='bbox 803 2542 989 2616; x_wconf 88' lang='lat' dir='ltr'><strong>sacerdotio</strong></span> <span class='ocrx_word' id='word_1_155' title='bbox 1014 2542 1262 2638; x_wconf 78' lang='lat' dir='ltr'><strong>fungebantur,</strong></span> <span class='ocrx_word' id='word_1_156' title='bbox 1290 2567 1347 2615; x_wconf 91' lang='lat' dir='ltr'><strong>non</strong></span> 
     </span>
     <span class='ocr_line' id='line_1_21' title="bbox 237 2658 1351 2758; baseline -0.003 -27"><span class='ocrx_word' id='word_1_157' title='bbox 237 2674 391 2757; x_wconf 90' lang='lat' dir='ltr'><strong>poterant</strong></span> <span class='ocrx_word' id='word_1_158' title='bbox 402 2660 436 2732; x_wconf 82' lang='lat' dir='ltr'><strong>vi</strong></span> <span class='ocrx_word' id='word_1_159' title='bbox 451 2659 559 2757; x_wconf 88' lang='lat' dir='ltr'><strong>ipsius</strong></span> <span class='ocrx_word' id='word_1_160' title='bbox 577 2659 793 2758; x_wconf 88' lang='lat' dir='ltr'><strong>pontificatus</strong></span> <span class='ocrx_word' id='word_1_161' title='bbox 811 2658 875 2732; x_wconf 85' lang='lat' dir='ltr'><strong>hae</strong></span> <span class='ocrx_word' id='word_1_162' title='bbox 893 2658 984 2755; x_wconf 76' lang='lat' dir='ltr'><strong>leges</strong></span> <span class='ocrx_word' id='word_1_163' title='bbox 997 2683 1084 2758; x_wconf 85' lang='lat' dir='ltr'><strong>quae</strong></span> <span class='ocrx_word' id='word_1_164' title='bbox 1100 2658 1173 2730; x_wconf 80' lang='lat' dir='ltr'><strong>vim</strong></span> <span class='ocrx_word' id='word_1_165' title='bbox 1197 2659 1351 2732; x_wconf 84' lang='lat' dir='ltr'><strong>habereut</strong></span> 
     </span>
     <span class='ocr_line' id='line_1_22' title="bbox 237 2771 1349 2872; baseline -0.002 -28"><span class='ocrx_word' id='word_1_166' title='bbox 237 2771 327 2844; x_wconf 91' lang='lat' dir='ltr'><strong>circa</strong></span> <span class='ocrx_word' id='word_1_167' title='bbox 351 2773 543 2869; x_wconf 81' lang='lat' dir='ltr'><strong>coniugium</strong></span> <span class='ocrx_word' id='word_1_168' title='bbox 568 2771 730 2859; x_wconf 89' lang='lat' dir='ltr'><strong>condere,</strong></span> <span class='ocrx_word' id='word_1_169' title='bbox 759 2797 869 2872; x_wconf 86' lang='lat' dir='ltr'><strong>neque</strong></span> <span class='ocrx_word' id='word_1_170' title='bbox 894 2772 1082 2870; x_wconf 89' lang='lat' dir='ltr'><strong>putandum</strong></span> <span class='ocrx_word' id='word_1_171' title='bbox 1099 2787 1153 2845; x_wconf 90' lang='lat' dir='ltr'><strong>est</strong></span> <span class='ocrx_word' id='word_1_172' title='bbox 1166 2773 1276 2847; x_wconf 90' lang='lat' dir='ltr'><strong>Deum</strong></span> <span class='ocrx_word' id='word_1_173' title='bbox 1301 2771 1349 2843; x_wconf 87' lang='lat' dir='ltr'><strong>his</strong></span> 
     </span>
     <span class='ocr_line' id='line_1_23' title="bbox 240 2885 1351 2986; baseline 0.001 -29"><span class='ocrx_word' id='word_1_174' title='bbox 240 2885 335 2959; x_wconf 85' lang='lat' dir='ltr'><strong>salsis</strong></span> <span class='ocrx_word' id='word_1_175' title='bbox 362 2886 593 2960; x_wconf 85' lang='lat' dir='ltr'><strong>sacerdotibus</strong></span> <span class='ocrx_word' id='word_1_176' title='bbox 611 2913 651 2960; x_wconf 91' lang='lat' dir='ltr'><strong>ac</strong></span> <span class='ocrx_word' id='word_1_177' title='bbox 669 2886 886 2986; x_wconf 88' lang='lat' dir='ltr'><strong>pontificibus</strong></span> <span class='ocrx_word' id='word_1_178' title='bbox 905 2887 1135 2960; x_wconf 85' lang='lat' dir='ltr'><strong>auctoritatem</strong></span> <span class='ocrx_word' id='word_1_179' title='bbox 1155 2912 1351 2960; x_wconf 88' lang='lat' dir='ltr'><strong>suam-com·</strong></span> 
     </span>
     <span class='ocr_line' id='line_1_24' title="bbox 240 3001 1350 3102; baseline 0 -29"><span class='ocrx_word' id='word_1_180' title='bbox 240 3003 424 3088; x_wconf 84' lang='lat' dir='ltr'><strong>manicare,</strong></span> <span class='ocrx_word' id='word_1_181' title='bbox 443 3003 586 3102; x_wconf 89' lang='lat' dir='ltr'><strong>illosque</strong></span> <span class='ocrx_word' id='word_1_182' title='bbox 603 3003 806 3076; x_wconf 88' lang='lat' dir='ltr'><strong>constituere</strong></span> <span class='ocrx_word' id='word_1_183' title='bbox 821 3001 907 3100; x_wconf 81' lang='lat' dir='ltr'><strong>legis</strong></span> <span class='ocrx_word' id='word_1_184' title='bbox 922 3001 1245 3076; x_wconf 86' lang='lat' dir='ltr'><strong>naturalis-divinae</strong></span> <span class='ocrx_word' id='word_1_185' title='bbox 1257 3003 1350 3075; x_wconf 88' lang='lat' dir='ltr'><strong>inter·</strong></span> 
     </span>
     <span class='ocr_line' id='line_1_25' title="bbox 241 3116 1351 3217; baseline -0.004 -26"><span class='ocrx_word' id='word_1_186' title='bbox 241 3135 353 3217; x_wconf 88' lang='lat' dir='ltr'><strong>pretes</strong></span> <span class='ocrx_word' id='word_1_187' title='bbox 367 3135 399 3191; x_wconf 93' lang='lat' dir='ltr'><strong>et</strong></span> <span class='ocrx_word' id='word_1_188' title='bbox 411 3144 552 3215; x_wconf 84' lang='lat' dir='ltr'><strong>organa,</strong></span> <span class='ocrx_word' id='word_1_189' title='bbox 568 3136 605 3191; x_wconf 89' lang='lat' dir='ltr'><strong>ut</strong></span> <span class='ocrx_word' id='word_1_190' title='bbox 623 3118 806 3191; x_wconf 90' lang='lat' dir='ltr'><strong>decernant</strong></span> <span class='ocrx_word' id='word_1_191' title='bbox 824 3117 1037 3190; x_wconf 91' lang='lat' dir='ltr'><strong>matrimonia</strong></span> <span class='ocrx_word' id='word_1_192' title='bbox 1054 3116 1169 3216; x_wconf 86' lang='lat' dir='ltr'><strong>quoad</strong></span> <span class='ocrx_word' id='word_1_193' title='bbox 1186 3116 1351 3194; x_wconf 79' lang='lat' dir='ltr'><strong>vinculum</strong></span> 
     </span>
     <span class='ocr_line' id='line_1_26' title="bbox 238 3231 1351 3331; baseline -0.004 -26"><span class='ocrx_word' id='word_1_194' title='bbox 238 3231 351 3305; x_wconf 82' lang='lat' dir='ltr'><strong>ualida</strong></span> <span class='ocrx_word' id='word_1_195' title='bbox 377 3250 435 3306; x_wconf 85' lang='lat' dir='ltr'><strong>aut</strong></span> <span class='ocrx_word' id='word_1_196' title='bbox 460 3232 564 3305; x_wconf 92' lang='lat' dir='ltr'><strong>nulla.</strong></span> <span class='ocrx_word' id='word_1_197' title='bbox 589 3234 638 3306; x_wconf 87' lang='lat' dir='ltr'><strong>Eo</strong></span> <span class='ocrx_word' id='word_1_198' title='bbox 660 3231 710 3305; x_wconf 88' lang='lat' dir='ltr'><strong>vel</strong></span> <span class='ocrx_word' id='word_1_199' title='bbox 737 3232 846 3329; x_wconf 84' lang='lat' dir='ltr'><strong>magis</strong></span> <span class='ocrx_word' id='word_1_200' title='bbox 871 3232 961 3330; x_wconf 82' lang='lat' dir='ltr'><strong>quod</strong></span> <span class='ocrx_word' id='word_1_201' title='bbox 985 3258 1087 3331; x_wconf 86' lang='lat' dir='ltr'><strong>saepe</strong></span> <span class='ocrx_word' id='word_1_202' title='bbox 1104 3231 1351 3307; x_wconf 79' lang='lat' dir='ltr'><strong>honestavemnt</strong></span> 
     </span>
     <span class='ocr_line' id='line_1_27' title="bbox 240 3345 1350 3446; baseline -0.003 -26"><span class='ocrx_word' id='word_1_203' title='bbox 240 3346 312 3420; x_wconf 88' lang='lat' dir='ltr'><strong>sive</strong></span> <span class='ocrx_word' id='word_1_204' title='bbox 338 3347 494 3445; x_wconf 82' lang='lat' dir='ltr'><strong>coniugia</strong></span> <span class='ocrx_word' id='word_1_205' title='bbox 519 3348 591 3420; x_wconf 88' lang='lat' dir='ltr'><strong>sive</strong></span> <span class='ocrx_word' id='word_1_206' title='bbox 616 3346 779 3432; x_wconf 82' lang='lat' dir='ltr'><strong>divortia,</strong></span> <span class='ocrx_word' id='word_1_207' title='bbox 808 3373 895 3446; x_wconf 87' lang='lat' dir='ltr'><strong>quae</strong></span> <span class='ocrx_word' id='word_1_208' title='bbox 921 3345 1014 3420; x_wconf 86' lang='lat' dir='ltr'><strong>nulla</strong></span> <span class='ocrx_word' id='word_1_209' title='bbox 1039 3347 1172 3421; x_wconf 88' lang='lat' dir='ltr'><strong>ratione</strong></span> <span class='ocrx_word' id='word_1_210' title='bbox 1190 3374 1268 3421; x_wconf 90' lang='lat' dir='ltr'><strong>cum</strong></span> <span class='ocrx_word' id='word_1_211' title='bbox 1284 3346 1350 3443; x_wconf 78' lang='lat' dir='ltr'><strong>lega</strong></span> 
     </span>
     <span class='ocr_line' id='line_1_28' title="bbox 239 3460 1349 3562; baseline -0.001 -28"><span class='ocrx_word' id='word_1_212' title='bbox 239 3460 384 3534; x_wconf 86' lang='lat' dir='ltr'><strong>naturali</strong></span> <span class='ocrx_word' id='word_1_213' title='bbox 403 3488 443 3535; x_wconf 88' lang='lat' dir='ltr'><strong>ac</strong></span> <span class='ocrx_word' id='word_1_214' title='bbox 461 3462 577 3535; x_wconf 90' lang='lat' dir='ltr'><strong>divina</strong></span> <span class='ocrx_word' id='word_1_215' title='bbox 594 3462 820 3535; x_wconf 88' lang='lat' dir='ltr'><strong>cohaererent.</strong></span> <span class='ocrx_word' id='word_1_216' title='bbox 843 3463 885 3535; x_wconf 91' lang='lat' dir='ltr'><strong>Ut</strong></span> <span class='ocrx_word' id='word_1_217' title='bbox 901 3461 969 3534; x_wconf 90' lang='lat' dir='ltr'><strong>alia</strong></span> <span class='ocrx_word' id='word_1_218' title='bbox 986 3463 1253 3562; x_wconf 88' lang='lat' dir='ltr'><strong>praetermittam</strong></span> <span class='ocrx_word' id='word_1_219' title='bbox 1270 3487 1349 3562; x_wconf 89' lang='lat' dir='ltr'><strong>quae</strong></span> 
     </span>
     <span class='ocr_line' id='line_1_29' title="bbox 239 3575 1348 3676; baseline -0.002 -27"><span class='ocrx_word' id='word_1_220' title='bbox 239 3576 339 3674; x_wconf 89' lang='lat' dir='ltr'><strong>paulo</strong></span> <span class='ocrx_word' id='word_1_221' title='bbox 353 3594 430 3650; x_wconf 89' lang='lat' dir='ltr'><strong>ante</strong></span> <span class='ocrx_word' id='word_1_222' title='bbox 443 3578 615 3675; x_wconf 84' lang='lat' dir='ltr'><strong>attigimus</strong></span> <span class='ocrx_word' id='word_1_223' title='bbox 634 3578 677 3650; x_wconf 91' lang='lat' dir='ltr'><strong>dc</strong></span> <span class='ocrx_word' id='word_1_224' title='bbox 696 3577 772 3650; x_wconf 88' lang='lat' dir='ltr'><strong>idea</strong></span> <span class='ocrx_word' id='word_1_225' title='bbox 789 3603 858 3676; x_wconf 89' lang='lat' dir='ltr'><strong>qua</strong></span> <span class='ocrx_word' id='word_1_226' title='bbox 874 3576 941 3676; x_wconf 90' lang='lat' dir='ltr'><strong>ipsi</strong></span> <span class='ocrx_word' id='word_1_227' title='bbox 959 3577 1111 3650; x_wconf 89' lang='lat' dir='ltr'><strong>destituti</strong></span> <span class='ocrx_word' id='word_1_228' title='bbox 1129 3595 1247 3665; x_wconf 88' lang='lat' dir='ltr'><strong>eraut,</strong></span> <span class='ocrx_word' id='word_1_229' title='bbox 1268 3595 1303 3651; x_wconf 87' lang='lat' dir='ltr'><strong>at</strong></span> <span class='ocrx_word' id='word_1_230' title='bbox 1318 3575 1348 3648; x_wconf 88' lang='lat' dir='ltr'><strong>id</strong></span> 
     </span>
     <span class='ocr_line' id='line_1_30' title="bbox 237 3691 844 3791; baseline 0.003 -30"><span class='ocrx_word' id='word_1_231' title='bbox 237 3691 370 3765; x_wconf 83' lang='lat' dir='ltr'><strong>efficere</strong></span> <span class='ocrx_word' id='word_1_232' title='bbox 393 3691 558 3765; x_wconf 81' lang='lat' dir='ltr'><strong>voluerint</strong></span> <span class='ocrx_word' id='word_1_233' title='bbox 581 3708 639 3765; x_wconf 92' lang='lat' dir='ltr'><strong>aut</strong></span> <span class='ocrx_word' id='word_1_234' title='bbox 664 3692 844 3791; x_wconf 89' lang='lat' dir='ltr'><strong>potuerint.</strong></span> 
     </span>
    </p>

    <p class='ocr_par' dir='ltr' id='par_1_4' title="bbox 309 3806 1349 3907">
     <span class='ocr_line' id='line_1_31' title="bbox 309 3806 1349 3907; baseline 0 -29"><span class='ocrx_word' id='word_1_235' title='bbox 309 3808 444 3880; x_wconf 84' lang='lat' dir='ltr'><strong>Frustra</strong></span> <span class='ocrx_word' id='word_1_236' title='bbox 468 3833 546 3882; x_wconf 85' lang='lat' dir='ltr'><strong>vero</strong></span> <span class='ocrx_word' id='word_1_237' title='bbox 575 3806 700 3907; x_wconf 88' lang='lat' dir='ltr'><strong>aliquis</strong></span> <span class='ocrx_word' id='word_1_238' title='bbox 733 3822 918 3906; x_wconf 87' lang='lat' dir='ltr'><strong>opponeret</strong></span> <span class='ocrx_word' id='word_1_239' title='bbox 947 3808 1120 3907; x_wconf 87' lang='lat' dir='ltr'><strong>principes</strong></span> <span class='ocrx_word' id='word_1_240' title='bbox 1156 3808 1279 3885; x_wconf 89' lang='lat' dir='ltr'><strong>saltem</strong></span> <span class='ocrx_word' id='word_1_241' title='bbox 1303 3810 1349 3879; x_wconf 86' lang='lat' dir='ltr'><strong>in·</strong></span> 
     </span>
    </p>
   </div>
   <div class='ocr_carea' id='block_1_4' title="bbox 237 4061 1346 4205">
    <p class='ocr_par' dir='ltr' id='par_1_5' title="bbox 237 4061 1346 4205">
     <span class='ocr_line' id='line_1_32' title="bbox 311 4061 1346 4130; baseline 0.003 -19"><span class='ocrx_word' id='word_1_242' title='bbox 311 4062 361 4124; x_wconf 86' lang='grc'>(17)</span> <span class='ocrx_word' id='word_1_243' title='bbox 377 4065 476 4113; x_wconf 79' lang='lat' dir='ltr'><strong>Praeter</strong></span> <span class='ocrx_word' id='word_1_244' title='bbox 493 4061 639 4114; x_wconf 86' lang='lat' dir='ltr'><strong>documenta</strong></span> <span class='ocrx_word' id='word_1_245' title='bbox 659 4078 723 4127; x_wconf 84' lang='lat' dir='ltr'><strong>quae</strong></span> <span class='ocrx_word' id='word_1_246' title='bbox 742 4065 767 4114; x_wconf 92' lang='lat' dir='ltr'><strong>ln</strong></span> <span class='ocrx_word' id='word_1_247' title='bbox 785 4067 849 4115; x_wconf 84' lang='lat' dir='ltr'><strong>hanc</strong></span> <span class='ocrx_word' id='word_1_248' title='bbox 864 4079 915 4117; x_wconf 83' lang='lat' dir='ltr'><strong>rem</strong></span> <span class='ocrx_word' id='word_1_249' title='bbox 934 4066 1046 4130; x_wconf 80' lang='lat' dir='ltr'><strong>rupertus</strong></span> <span class='ocrx_word' id='word_1_250' title='bbox 1063 4067 1238 4130; x_wconf 81' lang='lat' dir='ltr'><strong>erlrilrulrnus,</strong></span> <span class='ocrx_word' id='word_1_251' title='bbox 1249 4067 1287 4119; x_wconf 77' lang='lat' dir='ltr'><strong>el.</strong></span> <span class='ocrx_word' id='word_1_252' title='bbox 1299 4069 1346 4115; x_wconf 77' lang='lat' dir='ltr'><strong>voe</strong></span> 
     </span>
     <span class='ocr_line' id='line_1_33' title="bbox 237 4140 1346 4205; baseline 0.004 -17"><span class='ocrx_word' id='word_1_253' title='bbox 237 4141 292 4202; x_wconf 78' lang='lat' dir='ltr'><strong>Moy</strong></span> <span class='ocrx_word' id='word_1_254' title='bbox 304 4140 329 4188; x_wconf 89' lang='lat' dir='ltr'><strong>in</strong></span> <span class='ocrx_word' id='word_1_255' title='bbox 346 4155 387 4204; x_wconf 87' lang='lat' dir='ltr'><strong>op.</strong></span> <span class='ocrx_word' id='word_1_256' title='bbox 399 4156 507 4205; x_wconf 83' lang='lat' dir='ltr'><strong>german.</strong></span> <span class='ocrx_word' id='word_1_257' title='bbox 520 4145 559 4193; x_wconf 86' lang='lat' dir='ltr'><strong>cul</strong></span> <span class='ocrx_word' id='word_1_258' title='bbox 576 4144 663 4194; x_wconf 85' lang='lat' dir='ltr'><strong>tltulus</strong></span> <span class='ocrx_word' id='word_1_259' title='bbox 678 4145 753 4195; x_wconf 83' lang='lat' dir='ltr'><strong>latine</strong></span> <span class='ocrx_word' id='word_1_260' title='bbox 764 4149 883 4197; x_wconf 73' lang='lat' dir='ltr'><strong>Historia</strong></span> <span class='ocrx_word' id='word_1_261' title='bbox 899 4149 967 4197; x_wconf 80' lang='lat' dir='ltr'><strong>lurts</strong></span> <span class='ocrx_word' id='word_1_262' title='bbox 982 4146 1190 4198; x_wconf 80' lang='lat' dir='ltr'><strong>ototrtmonlalts</strong></span> <span class='ocrx_word' id='word_1_263' title='bbox 1206 4146 1346 4198; x_wconf 69' lang='lat' dir='ltr'><strong>errarunt,</strong></span> 
     </span>
    </p>
   </div>
   <div class='ocr_carea' id='block_1_5' title="bbox 238 4219 1347 4364">
    <p class='ocr_par' dir='ltr' id='par_1_6' title="bbox 238 4219 1347 4364">
     <span class='ocr_line' id='line_1_34' title="bbox 238 4219 1347 4289; baseline 0.009 -22"><span class='ocrx_word' id='word_1_264' title='bbox 238 4219 401 4284; x_wconf 76' lang='lat' dir='ltr'><strong>uegemnurg.</strong></span> <span class='ocrx_word' id='word_1_265' title='bbox 415 4228 483 4272; x_wconf 74' lang='lat'>18³³.</span> <span class='ocrx_word' id='word_1_266' title='bbox 495 4235 550 4285; x_wconf 79' lang='lat' dir='ltr'><strong>pag.</strong></span> <span class='ocrx_word' id='word_1_267' title='bbox 563 4229 576 4273; x_wconf 77' lang='grc' dir='ltr'><strong>ι</strong></span> <span class='ocrx_word' id='word_1_268' title='bbox 591 4236 643 4287; x_wconf 84' lang='lat' dir='ltr'><strong>seq.</strong></span> <span class='ocrx_word' id='word_1_269' title='bbox 656 4226 717 4274; x_wconf 86' lang='lat' dir='ltr'><strong>lteru</strong></span> <span class='ocrx_word' id='word_1_270' title='bbox 730 4227 912 4276; x_wconf 83' lang='lat' dir='ltr'><strong>Holomeonurn</strong></span> <span class='ocrx_word' id='word_1_271' title='bbox 928 4227 966 4274; x_wconf 79' lang='lat' dir='ltr'><strong>De</strong></span> <span class='ocrx_word' id='word_1_272' title='bbox 981 4228 1038 4276; x_wconf 81' lang='lat' dir='ltr'><strong>rllu</strong></span> <span class='ocrx_word' id='word_1_273' title='bbox 1051 4228 1129 4289; x_wconf 83' lang='lat' dir='ltr'><strong>nupt.</strong></span> <span class='ocrx_word' id='word_1_274' title='bbox 1140 4239 1163 4276; x_wconf 86' lang='lat' dir='ltr'><strong>c.</strong></span> <span class='ocrx_word' id='word_1_275' title='bbox 1177 4233 1202 4277; x_wconf 77' lang='grc' dir='ltr'><strong>ι.</strong></span> <span class='ocrx_word' id='word_1_276' title='bbox 1215 4227 1241 4276; x_wconf 88' lang='lat' dir='ltr'><strong>ln</strong></span> <span class='ocrx_word' id='word_1_277' title='bbox 1253 4223 1347 4276; x_wconf 65' lang='lat' dir='ltr'><strong>(trueco</strong></span> 
     </span>
     <span class='ocr_line' id='line_1_35' title="bbox 240 4296 712 4364; baseline 0.013 -20"><span class='ocrx_word' id='word_1_278' title='bbox 240 4296 304 4348; x_wconf 69' lang='lat' dir='ltr'><strong>ther.</strong></span> <span class='ocrx_word' id='word_1_279' title='bbox 319 4301 444 4364; x_wconf 73' lang='lat' dir='ltr'><strong>onttqmt.</strong></span> <span class='ocrx_word' id='word_1_280' title='bbox 457 4313 559 4351; x_wconf 77' lang='lat' dir='ltr'><strong>roman,</strong></span> <span class='ocrx_word' id='word_1_281' title='bbox 570 4304 631 4351; x_wconf 87' lang='lat' dir='ltr'><strong>torn.</strong></span> <span class='ocrx_word' id='word_1_282' title='bbox 644 4304 712 4351; x_wconf 85' lang='lat' dir='ltr'><strong>vlll.</strong></span> 
     </span>
    </p>
   </div>
   <div class='ocr_carea' id='block_1_6' title="bbox 0 0 1410 5062">
    <p class='ocr_par' dir='ltr' id='par_1_7' title="bbox 0 0 1410 5062">
     <span class='ocr_line' id='line_1_36' title="bbox 0 0 1410 5062; baseline 0 0"><span class='ocrx_word' id='word_1_283' title='bbox 0 0 1410 5062; x_wconf 95' lang='lat' dir='ltr'><strong> </strong></span> 
     </span>
    </p>
   </div>
  </div>
 </body>
</html>
