2804 5062
240 386 918 438 car.monscenrorrs.erumnarum
933 389 1125 439 nannoni·
1189 368 1257 440 itt

140 508 297 605 physicos
328 505 429 578 datus
459 503 559 578 luerit
589 532 609 578 a
639 504 917 579 contrahentibus
949 505 983 578 in
1013 506 1090 604 ipsa
1113 508 1262 607 coniugii

144 621 388 708 celebratione,
414 621 573 721 quamuis
606 620 649 697 ob
676 622 783 695 latens
815 621 932 696 vitium
969 648 1155 697 consensus
1187 624 1263 697 nul-

145 737 258 812 lusae
284 737 403 811 irritus
425 737 547 826 luerit,
577 755 675 838 prout
699 739 837 812 moralis
862 754 925 813 est.
955 739 1087 812 Etenim
1115 740 1145 813 si
1171 742 1264 816 eius-

144 853 229 928 modi
255 853 426 954 physicus
458 881 666 943 consensus,
696 854 774 929 lieet
800 854 970 928 moraliter
1000 854 1141 942 irrituS,
1171 856 1264 932 nullo

146 971 237 1044 modo
262 969 402 1056 adluit,
431 969 683 1044 matrimonium
709 971 776 1043 diei
805 997 872 1043 non
900 969 1001 1044 dehet
1027 970 1099 1044 iure
1131 971 1263 1044 irritum

146 1086 266 1174 luisse,
294 1086 356 1161 sed
383 1085 426 1160 de
451 1086 538 1160 lacto
565 1112 604 1159 ae
632 1086 848 1161 materialiter
873 1114 1058 1186 numquam
1084 1087 1262 1164 extitisse:

145 1200 233 1300 quod
248 1227 327 1275 vero
345 1200 439 1275 nullo
456 1201 560 1277 modo
581 1228 733 1300 unquam
759 1201 887 1288 extitit,
914 1202 1028 1274 sanari
1047 1228 1114 1276 non
1132 1218 1260 1301 potcst;

145 1332 231 1390 esset
252 1316 345 1392 enim
364 1318 605 1405 contradictio,
636 1334 672 1391 ut
694 1319 806 1404 aiunt,
832 1318 865 1389 in
893 1319 1057 1392 terminis.
1087 1318 1171 1392 hliis
1188 1346 1264 1394 rer-

145 1432 191 1504 bis
207 1433 426 1532 dispensatio
449 1433 484 1505 in
504 1434 617 1507 radice
634 1433 744 1508 locum
763 1433 889 1508 babere
907 1434 1026 1534 nequit
1048 1435 1114 1507 nisi
1128 1436 1164 1506 in
1183 1462 1264 1509 con-

144 1548 294 1623 nubiods
314 1550 403 1647 sacto
429 1549 533 1637 inito,
562 1549 720 1649 quodque
745 1550 794 1622 uti
815 1576 968 1624 verume
985 1550 1262 1625 contrahentibus

145 1680 329 1764 spectatum
352 1664 452 1739 luerit
478 1665 514 1737 in
542 1682 618 1739 actu
644 1692 711 1765 quo
739 1665 820 1738 illud
855 1666 986 1741 inibant
1010 1670 1082 1762 l3l³
1111 1667 1264 1766 alioquin

145 1781 211 1880 ipsa
235 1780 338 1854 deest
365 1781 462 1854 radix
479 1807 567 1881 quae
592 1798 741 1857 sanetur.
771 1783 860 1855 llinc
888 1782 1142 1856 coniunctiones
1160 1783 1265 1856 iorni·

144 1896 268 1984 euriae,
286 1921 504 1996 quocumque
526 1913 674 1998 tempore
686 1897 917 1996 perdurarint,
940 1923 1125 1995 numquam
1143 1896 1191 1969 ita
1208 1921 1265 1988 sa-

146 2013 213 2084 nari
230 2027 391 2113 poterunt
408 2041 415 2085 :
433 2029 470 2086 ut
488 2013 579 2086 enim
598 2013 645 2086 ait
663 2013 865 2086 Benedictus
878 2014 961 2084 xlv.
983 2013 1047 2083 «in
1062 2011 1184 2113 copula
1197 2037 1267 2086 ma·

146 2128 260 2202 nilcste
284 2128 468 2202 lomicaria
482 2128 576 2202 nulla
594 2145 646 2203 est
663 2129 760 2202 radix
778 2129 982 2202 matrimonii
1008 2132 1073 2225 (i).
1090 2159 1108 2198 n
1128 2129 1216 2203 Hine
1233 2128 1265 2203 si

148 2243 239 2318 ambo
259 2245 501 2320 contrahentes
515 2245 793 2345 impedimentum
808 2261 985 2333 noverant,
1003 2262 1102 2345 atque
1115 2245 1163 2318 ita
1174 2246 1265 2318 molo

147 2359 200 2455 lde
225 2361 424 2458 coniugium
449 2362 622 2449 inierunt,
651 2362 765 2435 sanari
790 2361 875 2433 illud
903 2386 969 2433 non
997 2375 1131 2459 potest:
1154 2382 1265 2459 neque

149 2477 230 2549 enim
258 2477 458 2552 huiusmodi
478 2478 547 2552 ficti
565 2477 726 2576 coniuges
745 2478 779 2550 in
798 2493 875 2551 actu
893 2478 967 2577 ipso
990 2477 1184 2578 nuptiarum
1208 2501 1267 2550 ve-

149 2617 212 2664 nrm
224 2593 480 2668 matrimonium
493 2595 591 2682 inire,
605 2595 666 2668 sed
676 2594 937 2669 concubinatum
948 2609 1059 2692 tegere
1071 2593 1259 2668 voluerunt.

217 2708 318 2794 Quod
343 2709 373 2783 si
395 2736 483 2784 unus
501 2737 520 2784 e
540 2710 818 2785 contrahentibus
840 2709 930 2784 bona
958 2710 1049 2797 lide,
1078 2710 1163 2784 alter
1186 2735 1267 2784 vero

150 2822 231 2898 mala
260 2825 331 2897 fide
362 2852 401 2900 se
424 2827 587 2923 gesserit,
613 2826 807 2924 coniugium
835 2826 949 2900 sanari
982 2852 1082 2927 posse
1107 2826 1262 2913 videtum

150 2966 352 3043 quamquam
378 2968 446 3017 non
473 2943 585 3018 desint
607 2944 665 3042 qui
693 2943 728 3014 id
755 2959 878 3041 negent
906 2946 971 3039 (b).
1002 2943 1043 3015 ht
1064 2942 1094 3015 si
1123 2958 1265 3041 uterque

206 3168 244 3231 (t)
258 3167 377 3218 Diximus
391 3170 420 3217 tn
436 3170 517 3218 actu.-
534 3167 582 3218 hoc
595 3168 661 3217 enirn
681 3181 753 3232 saepe
769 3169 878 3219 inculcat
888 3168 978 3219 Bened.
993 3171 1058 3218 xiv.
1069 3168 1114 3231 qui
1126 3168 1152 3217 in
1163 3181 1203 3230 op.
1221 3165 1263 3217 cui

148 3245 179 3294 iit.
195 3249 368 3304 moestiores
383 3250 524 3297 canonicae
533 3249 559 3297 et
569 3246 683 3297 morales
693 3248 733 3300 ed.
746 3252 832 3299 venet.
850 3253 918 3299 1767.
931 3262 989 3311 opp.
1008 3249 1069 3297 tom.
1084 3247 1263 3310 liutperti.

148 3327 236 3386 maest
251 3328 308 3377 tit.
320 3325 379 3376 ooli.
396 3332 447 3376 tat.
461 3328 487 3376 et
500 3326 559 3376 stibi
575 3326 668 3390 passim
680 3327 740 3377 haec
752 3329 840 3378 habet:
855 3347 867 3370 ι
876 3325 1056 3377 attendendum
1071 3327 1109 3376 est
1120 3324 1156 3375 ud
1167 3326 1270 3389 tempus

148 3405 202 3453 tutti
218 3407 407 3454 manenti.
423 3418 485 3455 ..se
502 3407 619 3457 tractasse
637 3409 763 3469 tamquam
783 3420 842 3458 uero
862 3408 977 3471 coniuges
994 3408 1019 3456 et
1042 3405 1078 3456 uti
1094 3405 1156 3456 tries
1171 3405 1269 3457 habitos

149 3483 219 3535 inisse
231 3485 322 3535 saitem
334 3485 360 3533 lu
375 3487 452 3534 initio
468 3485 630 3536 matrimonii.
644 3525 650 3536 .
664 3525 669 3537 .
685 3524 691 3536 .
704 3487 742 3536 hd
753 3487 868 3537 ellectum
880 3486 911 3536 de
926 3500 976 3550 quo
987 3486 1068 3549 egitur
1077 3487 1138 3537 satis
1147 3488 1184 3538 est
1197 3485 1266 3550 quod

149 3565 336 3615 mtmmoninm
351 3564 425 3614 luerit
444 3563 476 3615 de
485 3564 562 3627 sueto
576 3569 749 3629 contractum,
766 3569 791 3617 et
809 3566 876 3630 quod
895 3566 1061 3618 intercesserit
1076 3567 1180 3619 allectus
1194 3568 1268 3618 mari·

148 3645 199 3696 uiis
210 3659 262 3697 uns
274 3658 335 3695 curn
352 3658 473 3697 consensu
495 3646 611 3698 naturali.
620 3668 632 3692 s

209 3727 246 3790 (t)
260 3727 365 3784 Quaeso
381 3727 425 3777 etr.
439 3731 492 3778 174.

209 3806 246 3869 (5)
263 3808 303 3857 lis
318 3809 419 3857 rmsent
440 3807 542 3858 Pontius
557 3808 601 3860 lib.
622 3811 664 3858 lv.
683 3822 737 3873 cap.
757 3812 845 3860 xxiv.
858 3823 883 3859 n.
904 3818 917 3861 s
938 3824 1008 3874 seqq.
1025 3807 1226 3872 Sohmaigrueber
1242 3807 1268 3858 in

147 3887 185 3938 ib.
194 3891 238 3938 tv.
247 3887 380 3939 οων-οιαὶ.
392 3888 432 3939 tit.
441 3892 601 3942 xvimam.
613 3893 650 3941 De
660 3892 760 3942 Bitctrim
769 3892 812 3942 iib.
822 3894 912 3944 lv.tit.
921 3896 965 3943 lii.
974 3893 997 3957 §.
1007 3901 1030 3943 a.
1040 3898 1102 3943 mtt
1117 3903 1186 3953 seqq.
1201 3891 1268 3942 Dans

150 3967 233 4018 Theoi.
246 3966 285 4018 ed
298 3981 378 4018 usum
388 3971 514 4020 seminar.
530 3973 568 4020 De
583 3974 662 4020 metr.
674 3985 699 4020 n.
716 3979 768 4022 119.
781 3975 800 4021 t.
811 3977 836 4022 t.
852 3986 907 4036 pag.
928 3977 981 4024 tto.
999 3972 1100 4034 aliique.
1116 3969 1192 4020 Nobis
1208 3970 1270 4021 setis

150 4050 175 4098 rit
185 4049 263 4099 umba
271 4048 412 4101 describere
426 4051 757 4114 schmatgrueberdicentis:
778 4052 847 4102 «sed
862 4054 908 4103 etsi
926 4051 1047 4102 sententia
1062 4053 1122 4102 haec
1139 4049 1220 4114 (quod
1229 4064 1267 4101 sa·

152 4128 199 4178 nari
216 4129 310 4192 possit)
330 4129 465 4181 amodum
483 4131 620 4195 probabilis
639 4131 688 4194 sit,
707 4133 790 4183 sensui
808 4133 890 4184 tamen
911 4132 1027 4183 ecciesiae
1046 4133 1071 4182 et
1087 4131 1175 4182 rationi
1192 4130 1271 4195 magis

153 4210 281 4262 maternis
292 4211 405 4275 ridetur,
417 4224 481 4274 qnae
496 4211 544 4261 hoc
554 4225 613 4263 caso
626 4211 731 4275 requirit
742 4226 833 4263 norum
845 4226 1007 4276 eonsensum,
1023 4215 1048 4265 ei
1058 4214 1185 4265 scientiam
1195 4211 1272 4263 nulli«

157 4288 208 4339 hiis
221 4292 296 4343 &aru
315 4305 346 4342 ex
364 4293 435 4355 parto
455 4291 523 4342 iilius
542 4292 586 4356 qui
601 4294 673 4342 anea
695 4293 778 4356 posuit
792 4306 885 4344 norum
904 4305 1059 4344 consensum.
1071 4313 1085 4338 »
1100 4296 1170 4354 Quae
1185 4293 1269 4343 istaes

160 4367 213 4417 nihi
231 4382 282 4421 non
300 4369 418 4422 ridentur
436 4369 549 4422 absolute
561 4383 639 4434 νοτες
657 4371 748 4423 dantur
767 4372 834 4423 enim
852 4384 925 4424 casus
940 4373 1066 4425 contrarii.
