2804 5062
145 333 214 419 ιιι
348 376 363 417 5
382 355 445 417 ιιι.
467 354 503 413 ιι.
525 352 613 415 seor.
630 355 657 404 ι.
678 354 720 403 ιι
737 352 863 415 rorrsr.
884 352 1013 415 eccam.
1038 404 1043 415 ,
1063 376 1127 415 ..a

144 475 263 555 ditioni
291 472 483 573 pontificiae
512 492 579 547 uon
606 470 859 558 subiiciuutur,
893 469 996 553 luerit
1020 468 1154 569 publici
1181 473 1255 559 iuris

144 588 387 691 quod³·ubique
399 587 548 699 locorum
561 586 734 663 obtinebat
747 585 959 669 corollarium
973 585 1187 684 legitimum.
1206 614 1256 663 ser

144 706 387 806 consequentia
408 705 615 787 receuoir.
636 704 768 778 Etenim
794 703 871 778 ideo
890 704 926 777 in
941 702 1016 802 lege
1039 703 1135 779 civili
1162 705 1258 783 hate

143 824 243 905 hatur
257 837 439 922 ,tamquam
466 812 640 918 illegitimo
657 810 769 921 proles
794 836 867 895 orta
892 846 933 893 en
957 819 1138 917 illegitimo
1156 821 1259 903 matri⁴

145 939 285 1023 monio,
314 937 407 1036 quod
435 936 601 1015 eiusmodi
628 937 876 1010 matrimonium
903 935 1033 1011 nullum
1058 962 1103 1010 ac
1134 937 1259 1011 irritum

144 1053 293 1129 oscetin
320 1040 405 1126 secio
423 1067 493 1125 tum'
510 1051 693 1139 ecclesiae,
716 1066 785 1125 turn
811 1051 1008 1138 societatis,
1036 1051 1122 1151 qui'a
1146 1052 1259 1133 initum

146 1193 221 1240 oum
248 1166 488 1264 impedimento
507 1165 670 1241 canonico
699 1165 890 1239 dirimente.
920 1164 1090 1251 Quocirca
1117 1166 1259 1265 pontilet

144 1308 205 1383 per
228 1281 514 1381 dispensationem
533 1306 595 1357 seu
611 1281 820 1356 sanationem
847 1282 881 1354 in
900 1280 1014 1357 redico
1029 1308 1110 1357 oum
1138 1283 1259 1357 auferat

146 1397 236 1470 illud
255 1398 531 1497 impedimentum
557 1398 696 1498 perinde
729 1424 768 1473 ac
797 1399 828 1473 si
851 1424 1038 1498 numquam
1064 1398 1253 1485 extitisset,

145 1540 224 1590 vera
247 1513 350 1588 efficit
376 1513 604 1589 conditionem
621 1514 801 1612 coniugum
826 1532 866 1589 et.
880 1513 985 1613 prolis
1004 1513 1109 1589 talem
1121 1558 1138 1601 -,·
1154 1512 1258 1615 quatu

147 1645 237 1704 esset
261 1630 291 1703 si
319 1646 452 1729 semper
458 1629 647 1727 legitimus
672 1630 794 1705 luisset
818 1641 1031 1721 consensus
1060 1657 1103 1705 ac
1120 1628 1255 1730 'proinde¹

147 1761 183 1819 ut
201 1744 313 1844 proles
331 1759 490 1845 suscepta
513 1745 679 1820 habeatur
690 1744 791 1820 veluti
818 1762 893 1821 orta
907 1756 953 1820 ex
977 1745 1144 1844 legitimo.
1150 1746 1256 1822 conir-

145 1862 213 1960 gio
233 1864 340 1941 Porro
355 1863 413 1963 qui
431 1876 531 1941 natus
548 1872 601 1937 'eat
613 1872 654 1937 eir
667 1863 824 1962 coniugio
840 1863 1002 1963 legitimo
1011 1863 1190 1961 legitimus
1205 1863 1255 1939 ie

148 1976 220 2053 beri
246 1978 367 2065 debet,
391 1993 425 2050 et
448 2004 557 2077 capax
580 1977 747 2053 boneium
770 1978 947 2067 omnium,
974 2004 1065 2078 quae
1082 2005 1134 2053 ex
1146 1977 1255 2077 lagiti-

148 2093 214 2166 mis
232 2093 404 2167 natalibus
416 2093 587 2193 profluunt
600 2092 725 2167 nedum
739 2094 774 2166 in
795 2092 868 2196 loro
880 2092 1066 2182 ecclesiae,-
1089 2095 1153 2170 s'ed
1165 2095 1257 2170 etim·

147 2209 182 2285 iu
207 2208 286 2285 iore
303 2208 393 2285 civili
423 2211 575 2307 (il)-.·.
1127 2276 1131 2281 .
1256 2232 1259 2239 ·

219 2323 399 2399 Clausulte
423 2338 520 2398 'vero
529 2322 608 2398 illae
625 2324 721 2399 ideo
740 2336 956 2426 apponuntur
974 2270 1075 2425 quod
1100 2339 1185 2402 turn
1197 2323 1258 2427 ιιι

145 2440 382 2537 legitimationi
400 2456 470 2515 tum
495 2439 712 2517 declarationi
734 2441 949 2516 authenticae
973 2440 1129 2515 eiusdem
1157 2439 1251 2540 tegit

147 2555 304 2631 motionis
323 2557 523 2630 inserviunt.
544 2558 632 2629 Hinc
648 2558 803 2631 videmus
820 2556 873 2632 vel
892 2558 993 2656 ipsos
1007 2557 1194 2633 Galliarum
1206 2568 1252 2633 'ter

146 2697 232 2766 ges,
256 2697 337 2743 cum
361 2698 449 2770 opus
475 2672 561 2759 luit,
587 2673 681 2771 ipsas
706 2674 913 2772 expetiisse,
940 2688 977 2746 ut
993 2692 1128 2749 constat
1153 2703 1193 2749 ex
1213 2672 1251 2747 di-

145 2785 361 2883 apensutione
385 2813 406 2858 a
431 2785 600 2859 Clemente
617 2789 653 2859 V.
683 2789 717 2861 in
737 2789 882 2863 levorem
908 2787 1018 2862 Caroli
1040 2789 1094 2860 lv.
1108 2798 1160 2864 ‘et
1178 2788 1252 2863 lilim

146 2898 293 2999 Philippi
328 2901 459 2998 pulchri
478 2914 578 2988 ‚uec
603 2929 670 2977 non
701 2931 722 2977 a
751 2906 876 2978 loanne
904 2905 1008 2976 xxii.
1045 2904 1084 2976 in
1118 2904 1250 2980 levorem

146 3013 297 3087 eiusdem
320 3015 430 3089 Caroli
452 3017 503 3089 lV.
525 3034 688 3093 concessa
708 3020 804 3114 (li).
820 3018 1033 3117 Quapropter
1051 3032 1165 3119 neque
1190 3023 1251 3093 irra-

148 3131 219 3203 tileo
241 3133 410 3230 nequead
412 3134 525 3205 uticae
542 3149 600 3207 eut
623 3135 736 3207 irritae
755 3134 920 3208 eiusmodi
938 3134 1116 3267 clausulae
1133 3132 1251 3269 censui

147 3246 283 3321 debent.
1052 3318 1055 3322 .

223 3363 334 3448 Quare
360 3392 422 3439 nec
446 3377 571 3441 omncs.
588 3366 774 3464 iurisperiti
791 3366 870 3463 galli
893 3367 1256 3442 adversariisconsen

149 3494 277 3550 serunt.
309 3482 398 3552 lnter
430 3498 557 3554 ceteros
590 3499 766 3556 annotator
796 3484 922 3555 Fevreti
947 3483 1108 3582 'apprime
1126 3480 1257 3584 'exponit

147 3590 238 3666 hunc
250 3593 518 3693 dispensationis
536 3598 569 3668 in
585 3597 696 3670 radico
709 3597 913 3671 indirectum
925 3599 1084 3671 ellectum
1098 3600 1252 3674 scribens:

150 3739 167 3779 ι
182 3708 344 3785 Doctores
362 3724 538 3810 apponunt
556 3712 590 3784 in
608 3713 674 3786 hac
699 3713 841 3786 materia
861 3714 1137 3788 distinctionem:
1160 3731 1256 3787 etrrrtt

157 3881 159 3885 >
213 3859 264 3923 (tt)
280 3863 317 3911 ita
336 3861 383 3911 rite
404 3862 474 3911 tuxia
493 3865 617 3925 receptum
635 3863 675 3912 ius
695 3863 905 3914 ratiocinabantur
923 3866 973 3913 Tr.
995 3866 1020 3913 et
1039 3865 1186 3915 canonistas
1205 3860 1257 3914 θεῖ

142 3940 208 3992 zelet
222 3944 250 3991 ιιι
266 3952 324 4005 cop.
339 3945 388 3999 Qui
404 3941 549 3992 venerabil.
566 3942 613 3993 tub
624 3954 694 3993 num.
709 3950 745 3992 ιι.
763 3946 812 4001 Qut
824 3942 881 4006 filit
897 3946 952 3993 sint
964 3944 1084 4007 lepitimr'.
1102 3939 1255 3995 corretion

147 4021 231 4070 Praxi
241 4020 383 4085 dtsponsol.
397 4021 450 4071 Lib.
467 4029 490 4071 ι.
504 4035 526 4070 c.
541 4029 562 4071 3.
580 4037 604 4071 ι.
620 4027 649 4073 to
661 4036 730 4086 seqq.
744 4023 815 4072 Oliva
827 4023 931 4085 vosoro
947 4023 1091 4073 ecclesiast.
1106 4025 1132 4074 in
1143 4038 1197 4087 cap.
1209 4019 1254 4073 itti

146 4099 227 4150 nulus
248 4104 335 4151 versic.
353 4105 464 4152 Uxorem
483 4106 586 4152 nominc
604 4103 753 4154 Adeloricm
765 4118 790 4154 n.
806 4112 858 4155 102.
872 4105 995 4154 i'aieniin.
1009 4108 1108 4155 Forstcr
1120 4109 1158 4155 Dr-
1169 4110 1252 4155 soem·

145 4181 211 4229 sion.
231 4180 265 4229 cb
285 4183 403 4231 tntcstot.
420 4183 465 4232 lib.
479 4190 503 4231 o.
516 4196 537 4230 r.
553 4187 589 4232 et.
604 4198 628 4244 q.
643 4191 665 4233 2.
682 4197 706 4233 n.
726 4192 761 4236 18.
777 4185 869 4248 aliique
884 4187 973 4248 passim
991 4185 1059 4249 epod
1071 4186 1211 4249 urgentiam
1220 4191 1249 4241 ti·

144 4259 169 4309 et
188 4257 236 4309 icc.
248 4258 289 4309 cit.
302 4261 328 4310 et
342 4259 467 4311 Benedici.
482 4264 547 4311 xiv.
561 4265 656 4325 quaest.
671 4263 714 4313 cil.

213 4337 263 4401 (tr)
279 4339 317 4390 cs.
334 4341 400 4405 apud
416 4340 557 4405 nueren-
573 4341 620 4392 loc.
632 4341 674 4392 cit.
727 4407 732 4415 ¹
