2804 5062
147 376 190 446 'iil
378 397 439 446 nm.
461 396 496 445 u.
517 394 601 445 seur.
623 397 646 444 r.
670 395 710 444 nn
727 393 851 445 ruram.
873 395 997 446 scotus.

144 514 235 613 poris
262 512 399 586 launoii
425 530 665 598 commentum,
694 537 732 584 ac
757 536 877 586 nouum
902 536 1063 611 prorsus,
1092 512 1246 612 adeoque

146 627 273 701 falsum
289 653 365 718 esse
382 625 445 699 boc
461 626 534 700 eius
552 626 725 723 effugium.

548 831 766 888 numeneus·
788 833 834 886 iv.

149 975 279 1038 canones
299 977 460 1036 Tridentini
473 975 526 1034 iii.
537 980 566 1034 et
579 975 630 1034 iv.
644 991 714 1035 sess.
730 974 836 1035 xxtv.
853 974 889 1033 de
909 980 1050 1050 potestate
1069 976 1187 1050 propria
1208 992 1242 1034 ac

218 1074 507 1152 originailEcclesiue
527 1074 648 1150 intelligi
665 1073 789 1149 debent,
807 1089 866 1130 non
880 1077 976 1131 autem
990 1072 1027 1132 de
1039 1079 1181 1148 potestate
1195 1073 1241 1132 ud·

218 1173 353 1248 reutitla,
371 1188 445 1248 quae
462 1187 497 1231 ex
519 1172 679 1246 principum
699 1172 761 1228 slve
778 1185 912 1244 expresso
926 1171 987 1229 sive
998 1171 1086 1228 tacito
1098 1185 1240 1229 consensu

218 1270 379 1346 proveniat.

217 1433 355 1507 Nonnisi
377 1433 476 1532 pauci
498 1433 663 1530 theologi,
692 1448 749 1505 aut
779 1433 973 1506 canonistas
995 1458 1073 1506 cum
1099 1433 1244 1507 launoio

142 1570 185 1623 'eo
209 1548 412 1622 devenerunt
434 1566 472 1622 nt
495 1548 670 1622 ecclesiam
701 1549 743 1621 de
775 1563 931 1648 usurpato
960 1549 1150 1648 principum
1175 1550 1245 1622 iure

145 1666 356 1753 incusarent,
384 1665 464 1738 dum
489 1665 556 1738 sibi
580 1665 634 1738 ius
660 1663 774 1736 tribuit
798 1665 886 1738 circa
911 1663 1150 1763 impedimenta
1175 1691 1244 1738 rna·

44 1826 48 1832 ·
146 1779 335 1853 trimunium
357 1778 545 1851 dirimentis
560 1780 649 1873 (ui).
667 1777 820 1877 Plerique
836 1778 993 1852 neoterici
1010 1771 1158 1852 contenti
1176 1779 1244 1852 lue

146 1910 223 1967 runt
247 1893 413 1966 affirmare
437 1892 613 1967 concilium
636 1892 849 1965 tridentinum
869 1892 909 1982 in
934 1893 1126 1966 memoratis
1148 1917 1246 1967 cane-

146 2008 247 2081 nibus
264 2008 409 2081 locutum
434 2008 539 2082 luisse
555 2009 598 2080 de
614 2024 775 2108 potestate
799 2006 977 2092 ecclesiae,
998 2022 1031 2080 at
1048 2033 1089 2080 ea
1106 2033 1175 2081 non
1197 2009 1245 2079 in-

146 2121 230 2207 sita,
259 2121 318 2193 sed
344 2120 472 2195 adscita
497 2149 536 2194 ex
566 2123 753 2222 principum
778 2147 937 2220 expressa
960 2138 1017 2194 aui
1042 2122 1144 2195 tacita
1168 2147 1245 2195 cou-

147 2237 322 2325 sensioue,
350 2253 513 2335 quatenus
539 2263 599 2335 pro
621 2263 682 2310 sua
701 2262 779 2333 erge
803 2236 977 2310 ecclesiam
1001 2237 1127 2336 pietate
1144 2263 1185 2311 ac
1201 2237 1244 2309 ia·

146 2378 225 2427 vore
236 2378 257 2425 a
270 2351 422 2451 pluribus
436 2350 559 2425 seculis
577 2352 769 2424 exercitium
783 2350 884 2425 huius
898 2352 1071 2451 potestatis
1084 2351 1245 2427 ecclesiae

147 2482 382 2541 concesserunt
401 2482 457 2539 aut
478 2465 699 2564 permiserunt
715 2468 802 2562 (92).
817 2469 865 2538 lin
888 2493 955 2565 quo
977 2468 1145 2566 principio
1163 2493 1245 2542 nun-

148 2580 231 2652 nulli
249 2582 431 2654 intulerunt
453 2607 552 2679 posse
573 2581 740 2680 principes
766 2609 861 2655 suam
885 2583 973 2656 benc
997 2585 1245 2658 concessionem

148 2720 322 2781 revocare,
348 2697 542 2793 praesertim
561 2721 636 2769 cum
653 2713 771 2792 agatur
788 2698 830 2769 de
849 2699 938 2782 iure,
959 2714 996 2770 ut
1013 2697 1078 2795 ipsi
1106 2697 1246 2797 loquun-

147 2827 219 2896 tur,
247 2813 443 2883 moicstutr'co
472 2829 571 2911 atque
601 2811 722 2886 idcirco
751 2813 982 2900 inalienabili,
1010 2829 1126 2912 utpote
1157 2814 1245 2914 quod

148 2925 346 3026 principatui
376 2927 441 3024 ipsi
467 2927 635 3000 inhaereat
663 2932 749 3023 (93).
780 2929 1006 3030 iniuriosam,
1042 2929 1144 3002 immo
1172 2954 1247 3003 vero

147 3041 377 3141 blasphemam
388 3043 523 3116 Leunoii
543 3043 805 3116 semi-lutherani
820 3044 966 3117 hominis
984 3044 1246 3118 criminationem

148 3156 369 3244 dimittentes,
403 3184 463 3232 nos
493 3157 568 3230 heic
594 3173 774 3231 ceterorum
801 3174 928 3231 tantum
959 3158 1149 3234 refellemus
1176 3186 1246 3233 sen-

219 3380 269 3441 (91)
284 3382 394 3430 Attamen
410 3380 493 3442 paucis
508 3380 539 3430 ab
555 3380 612 3430 hinc
627 3381 711 3440 annis,
729 3392 815 3442 ncmpo
831 3393 874 3430 un.
892 3387 957 3434 1852.
975 3393 1024 3429 non
1041 3379 1189 3444 defuerunt,
1205 3382 1246 3444 qui

149 3458 310 3508 inverecunde
321 3463 453 3509 assererent
464 3462 603 3522 potestatem
615 3459 645 3509 dc
656 3474 704 3522 qua
715 3458 821 3521 agimus,
833 3459 906 3509 luisse
916 3461 1114 3522 usurpationem
1126 3460 1245 3511 melesius

148 3535 228 3585 medlo
238 3549 305 3584 aevu.
316 3540 351 3584 iia
363 3539 386 3585 in
400 3540 505 3587 comitiis
518 3539 659 3600 subalpinis.
671 3539 731 3587 ved.
743 3538 769 3587 Il
778 3538 943 3600 puriomcuto
951 3565 959 3575 ·
967 3541 1060 3588 senato
1071 3542 1149 3601 cepio.
1159 3555 1185 3603 p.
1197 3547 1244 3590 itu.

221 3613 270 3675 (92)
287 3614 390 3675 Primus,
403 3616 468 3676 quod
478 3616 567 3678 sclam,
579 3619 620 3680 qui
633 3617 789 3666 aiiirmarerit
798 3617 918 3679 principes
928 3617 1074 3668 christianos
1083 3631 1129 3681 pro
1138 3632 1183 3670 sua
1192 3633 1247 3681 erga

148 3691 273 3744 eceteram
291 3692 391 3754 pietate,
407 3693 484 3742 cidem
500 3697 543 3743 aul
558 3697 699 3757 potestatem
712 3699 753 3744 uui
764 3699 889 3759 potestatis
907 3698 1048 3746 exercitium
1066 3699 1133 3748 circa
1147 3699 1245 3763 impedi·

149 3772 230 3822 menta
240 3769 397 3820 connubialis
407 3771 520 3833 cessisse,
532 3773 578 3821 init
589 3776 673 3822 Petrus
682 3777 749 3836 snio,
757 3775 800 3836 qni
813 3775 836 3823 in
847 3788 886 3837 op.
898 3774 940 3824 cit.
955 3778 989 3823 irc
1001 3778 1117 3825 institut.
1129 3776 1245 3828 sacerdo·

150 3850 269 3900 tumleci.
280 3851 319 3899 lv.
330 3851 456 3911 postauam
467 3850 538 3897 eiiam
550 3851 698 3913 principibus
709 3854 745 3900 ius
754 3853 882 3914 adscripsit
891 3853 1053 3902 constituendi
1064 3855 1244 3917 impedimenta,

147 3930 230 3980 subdit
249 3930 313 3979 circa
333 3930 404 3979 finem
421 3931 592 3991 «eramqnem
606 3931 690 3980 ciuiles
702 3932 765 3992 leges
776 3934 800 3981 in
811 3933 848 3982 iris
860 3932 972 3982 omnibus
986 3945 1019 3982 esc
1033 3937 1133 3996 pictutc
1148 3938 1212 3984 ccric
1222 3936 1246 3984 et

148 4009 273 4057 voluntate
293 4008 430 4071 principum
450 4008 520 4058 iaciic
537 4009 653 4057 cesserint
672 4011 799 4071 ecciesiae,
813 4014 841 4060 ut
854 4012 901 4060 iam
917 4012 1010 4061 nulium
1026 4016 1153 4063 censeatur
1168 4015 1246 4063 matri·

147 4087 256 4137 monium
266 4088 434 4150 illegitimum,
447 4087 514 4151 quod
524 4088 625 4138 ecclesia
639 4090 687 4139 tale
698 4104 745 4140 non
757 4090 871 4140 iudicat.»
880 4092 960 4141 ceteri
981 4091 1068 4141 deiude
1084 4107 1141 4143 eum
1159 4093 1245 4144 exseri·

150 4167 211 4216 bunt
221 4179 251 4215 ac
260 4171 403 4230 sequuntur.

224 4245 272 4308 (at)
287 4249 363 4297 Proui
375 4248 463 4310 passim
479 4247 613 4308 lequuntur
629 4247 735 4311 theologi
750 4250 775 4298 ei
789 4249 942 4310 canonistas,
953 4249 996 4311 qui
1007 4262 1055 4300 non
1066 4250 1100 4299 ite
1112 4251 1206 4313 pridem
1222 4253 1246 4300 in

150 4325 288 4386 Germania,
300 4329 325 4376 et
336 4328 430 4377 dustria
442 4325 595 4388 potissimum
604 4338 649 4388 pro
659 4327 796 4389 principum
808 4328 853 4378 lrac
862 4327 886 4377 in
897 4341 923 4379 re
934 4329 1050 4392 potestate
1057 4330 1186 4381 temnunt.
