2804 5062
244 332 313 405 tto
357 368 360 373 ·
406 350 492 402 ιιι.
513 350 550 401 ιι.
571 347 678 400 srerro
694 346 827 399 ruram.
847 345 888 396 na
909 343 1036 397 eomer.
1058 345 1168 397 cnrnr.

229 469 354 545 culum
371 484 394 552 ,⁴
409 468 456 540 ita
481 482 520 539 ut
541 464 670 538 nullum
698 462 782 536 illud
808 463 892 537 foret
909 490 949 536 ac
967 463 1112 536 irritum.
1133 465 1205 535 Nec
1223 463 1351 538 deerant

240 613 302 685 pro
328 601 469 683 utroque
494 581 618 681 placito
643 581 808 656 rationum
835 597 1005 653 momenta
1027 581 1117 677 (dl).
1139 578 1233 666 Quin
1258 582 1349 654 etiam

240 687 382 773 dirbium
409 699 587 773 excitatum
612 713 665 770 est
691 698 780 770 circa
806 713 958 769 naturam
985 694 1080 769 illius
1106 694 1351 784 ecclesiasticae

239 813 493 915 approbationis
506 812 549 885 ad
563 837 665 911 quam
684 809 921 910 appellabant,
941 810 1001 910 qui
1020 825 1187 884 steterunt
1205 838 1268 910 pro
1284 811 1350 883 nul-

240 929 334 1005 litate
360 927 451 1001 illius
478 927 649 1001 connubii.
679 926 853 1026 Siquidem
877 924 971 998 aliud
996 942 1049 999 est
1077 927 1349 1001 consuetudinem

240 1043 388 1142 aliquam
414 1041 456 1114 ab
480 1040 623 1115 ecelesia
650 1040 806 1138 probari,
828 1041 875 1114 ita
892 1056 929 1113 ut
946 1067 1033 1140 quae
1058 1041 1155 1114 iuxta
1181 1040 1275 1114 illam
1300 1042 1350 1115 lie·

239 1175 313 1233 reut
336 1157 517 1231 dummodo
542 1157 772 1230 sanctionibus
795 1157 968 1230 canonicis
988 1183 1055 1229 non
1075 1156 1346 1243 adversarentur,

241 1272 443 1347 haberentur
460 1287 531 1345 ratu
550 1271 593 1344 ab
611 1271 774 1360 ecclesia,
790 1289 848 1346 aut
861 1273 961 1345 etiam
979 1271 1257 1371 improbarentur
1273 1299 1348 1372 quae

239 1405 354 1462 eontra
380 1387 532 1459 eamdem
564 1386 747 1483 legitimam
773 1387 1050 1462 consuetudinem
1084 1404 1345 1473 adaptarentur,

239 1502 333 1577 aliud
357 1529 436 1577 vero
461 1503 552 1600 quod
578 1502 723 1576 ecclesia
747 1503 1025 1578 consuetudinem
1051 1502 1144 1576 illam
1168 1504 1216 1576 ita
1238 1503 1347 1603 proba·

238 1620 340 1708 verit,
356 1635 394 1692 ut
410 1617 584 1693 induceret
601 1617 878 1717 impedimentum
894 1618 1070 1692 dirimens.
1093 1618 1192 1705 Quae
1209 1620 1347 1720 prolecto

239 1735 332 1814 inter,
351 1761 389 1823 se
405 1735 610 1833 ¹permisceri
637 1761 700 1808 nec
725 1752 868 1834 possunt
891 1760 953 1808 nec
977 1733 1113 1807 debent.

312 1848 401 1936 Quin
427 1874 489 1923 uos
519 1847 727 1922 salebrosum
754 1848 842 1922 hano
874 1848 1151 1946 disceptationem
1186 1850 1345 1948 ingredia-

239 1989 333 2050 mur,
359 1965 527 2052 dicimus,
557 1965 646 2063 quod
666 1964 696 2039 si
716 1964 829 2064 reipsa
849 1964 1016 2038 eiusmodi
1042 1963 1193 2041 obtinuit
1218 1992 1345 2040 consue

225 2078 320 2180 ¹tudo
342 2077 385 2152 ab
409 2077 553 2152 eeclesia
577 2104 617 2152 eo
644 2106 747 2152 sensu
773 2078 914 2178 probata
931 2098 967 2152 ut
983 2079 1116 2152 irritum
1136 2080 1266 2155 iaceret
1282 2107 1345 2155 oon·

239 2192 321 2291 iugii
348 2192 466 2266 foedus
483 2193 518 2263 in
537 2192 748 2291 principibus
767 2193 858 2290 regio
876 2193 1042 2290 sanguine
1059 2195 1257 2292 prognatis,
1278 2220 1344 2292 rege

237 2306 343 2381 inrito
366 2320 590 2394 contractum,
614 2304 745 2379 nullum
770 2306 909 2406 quidem
933 2306 1041 2397 luisse
1065 2307 1267 2406 coniugium
1292 2308 1345 2382 Ge

238 2422 343 2496 atonis
369 2420 467 2495 ducis
490 2419 735 2494 aurelianensis
752 2440 957 2497 contractum
975 2449 1052 2496 cum
1065 2424 1344 2521 Margarethalo

238 2536 425 2634 thoringia,
444 2553 539 2635 prout
557 2538 686 2609 irritum
706 2537 799 2609 lieret
815 2537 908 2610 aliud
927 2538 1168 2638 quodcumque
1182 2540 1218 2612 in
1233 2540 1342 2613 iisdem

237 2678 347 2724 rerum
360 2652 528 2725 adiunctis
547 2652 667 2724 initum
681 2680 688 2738 ;
705 2667 758 2725 ast
773 2679 839 2726 nou
852 2652 895 2725 ob
908 2653 1087 2727 inhaerens
1107 2656 1224 2752 regiae
1242 2670 1344 2729 aucto

307 2925 357 2987 (ct)
372 2926 411 2975 ct.
422 2926 521 2990 Scipion
535 2928 640 2990 Dupteir
652 2932 766 2980 Histoire
776 2928 809 2979 de
818 2930 895 2979 Leuis
912 2929 936 2979 te
945 2930 1020 2992 juste
1036 2929 1122 2979 xm.
1140 2941 1204 2980 nem
1218 2929 1257 2979 du
1271 2931 1309 2978 roi
1318 2927 1344 2977 de

235 3005 346 3056 Franee.
359 3005 428 3055 Paris
448 3014 514 3056 rcus.
527 3008 568 3069 qni
584 3007 616 3057 ad
630 3021 669 3056 an.
685 3012 751 3059 isai.
766 3009 801 3058 ita
816 3007 914 3058 scribit:
926 3013 977 3058 «Or
989 3022 1085 3059 comme
1096 3011 1152 3058 iant
1161 3010 1194 3059 de
1204 3009 1346 3060 i'assembtte

235 3083 269 3134 du
282 3085 375 3147 cierge,
387 3085 525 3149 quantes,
543 3086 586 3149 qui
605 3089 702 3137 avaient
712 3102 749 3138 on
761 3091 900 3138 sentiment
916 3091 1047 3139 contraire
1062 3088 1077 3138 i
1092 3088 1159 3138 celui
1175 3089 1221 3138 des
1236 3088 1343 3153 deputes,

235 3167 412 3228 approuvaient
427 3165 482 3215 bien
499 3169 523 3216 et
539 3167 588 3216 tort
603 3167 736 3217 votontters
751 3181 799 3232 que
814 3168 837 3218 le
853 3170 890 3218 roi
905 3183 920 3218 a
935 3169 1039 3232 pouroir
1051 3167 1198 3220 d'interdire
1210 3170 1235 3220 le
1246 3170 1344 3229 mariam

233 3254 293 3295 trec
309 3246 401 3293 certain
417 3246 495 3307 parti,
511 3246 526 3294 t
543 3247 575 3296 tet
592 3246 623 3295 de
639 3260 678 3296 ses
693 3248 782 3309 sujets,
796 3248 887 3310 quetui
900 3246 1005 3310 semble;
1017 3249 1041 3297 et
1052 3248 1172 3310 pcuriaut
1186 3262 1238 3312 que
1251 3247 1344 3308 cean'et

233 3335 264 3371 ne
279 3323 302 3372 le
324 3327 382 3386 peut
401 3326 538 3374 contractet
555 3324 719 3374 valablement
734 3339 791 3374 sans
814 3325 836 3375 le
857 3326 1036 3375 consentimeut
1055 3326 1087 3375 de
1103 3339 1131 3375 sa
1150 3327 1266 3388 majeste:
1285 3327 1345 3375 racis

233 3401 290 3450 cetu
301 3402 418 3451 s'tntend
431 3403 631 3466 potitiquement
648 3406 674 3452 et
689 3403 853 3464 civitement,·
869 3403 1017 3453 cest-idne
1034 3404 1154 3466 qoaut'au
1171 3406 1284 3454 coatract
1298 3402 1344 3453 eti

233 3482 257 3533 la
274 3483 420 3532 conventior
437 3484 522 3543 civite,
542 3497 592 3533 non
604 3496 654 3546 pue
669 3488 753 3547 quatit
767 3498 802 3534 au
816 3488 969 3534 sacrement.
981 3488 1018 3534 De
1033 3487 1099 3535 sorte
1113 3498 1164 3548 que
1178 3488 1244 3535 cette
1258 3488 1344 3536 eontra·

233 3561 331 3611 rention
341 3563 426 3611 merite
434 3563 503 3625 peine
514 3566 592 3613 menie
603 3565 721 3626 capitale,
732 3565 752 3612 si
764 3565 787 3613 le
797 3565 832 3613 roi
844 3579 874 3614 ne
885 3565 928 3614 tait
937 3567 1045 3627 grtceau
1054 3566 1179 3616 criminei.
1191 3567 1255 3616 Mais
1265 3566 1301 3616 e'il
1310 3563 1343 3625 u'y

232 3655 246 3689 a
258 3641 327 3703 point
338 3642 446 3690 d’autres
458 3643 578 3692 obstrictae
587 3657 618 3692 ou
631 3644 826 3706 empechenrents
837 3657 867 3692 au
879 3645 997 3707 mariage,
1009 3645 1028 3692 il
1040 3657 1072 3693 ne
1088 3644 1202 3695 lotssero
1208 3659 1262 3710 pas
1271 3645 1344 3695 d'ttre

231 3720 352 3781 natalie,
369 3726 514 3786 contortique
530 3726 555 3772 et
572 3724 686 3785 tenitime
701 3726 785 3787 querit
797 3737 832 3772 ou
844 3726 997 3773 sacrementi.
1010 3724 1041 3775 ai
1056 3725 1112 3787 ptus
1129 3725 1155 3774 ui
1172 3727 1255 3775 moins
1270 3724 1344 3788 queat

232 3801 254 3850 lc
267 3802 302 3849 roi
316 3802 438 3851 detendait
450 3804 464 3852 a
475 3817 508 3852 un
520 3804 603 3866 prinae
616 3803 648 3854 du
661 3818 733 3866 sang,
747 3819 777 3854 ou
790 3804 804 3854 a
815 3804 1071 3867 quelqu’autredecee
1080 3805 1211 3855 vaisseaux
1223 3821 1255 3856 ou
1266 3806 1343 3869 sujeta,

232 3877 262 3930 dc
284 3879 345 3929 taire
364 3881 470 3944 baptiser
488 3896 532 3931 sou
553 3883 637 3932 entant
658 3898 687 3933 en
710 3882 800 3946 l'eglise
818 3883 861 3933 des
880 3884 1033 3945 calvinistes,
1045 3898 1077 3934 ou
1091 3898 1135 3947 par
1147 3886 1244 3935 certain
1259 3885 1342 3948 petire

231 3961 255 4007 et
275 3973 323 4020 quc
346 3961 487 4010 utanrnoins
508 3963 525 4011 it
547 3963 584 4013 idi
606 3963 700 4027 baptist
720 3978 763 4028 par
784 3978 818 4013 un
838 3965 949 4013 ministre
971 3978 1002 4012 ou
1020 3963 1208 4027 religionnoire,
1224 3969 1250 4014 et
1266 3974 1343 4028 parce

231 4041 358 4102 preire-la;
379 4043 479 4092 t’entant
500 4042 648 4094 laisserait-ii
672 4045 703 4094 de
726 4044 834 4095 recevoir
850 4059 882 4094 un
899 4043 1011 4107 baptdme
1035 4045 1152 4095 raluble?
1169 4047 1220 4096 Par
1243 4042 1341 4105 exemple-

230 4131 318 4169 encore
333 4121 354 4167 si
371 4121 393 4170 te
410 4123 447 4172 roi
458 4123 583 4172 detenderit
598 4124 612 4173 e
630 4138 661 4173 un
679 4124 710 4174 de
727 4138 766 4175 ses
783 4124 858 4185 sujeie
879 4124 909 4173 de
930 4123 1033 4187 prendre
1053 4124 1090 4174 les
1110 4124 1198 4176 ordres
1215 4126 1308 4184 mores,
1320 4123 1340 4169 et

230 4211 279 4261 que
295 4200 436 4252 neanmoins
453 4218 483 4253 eu
501 4204 626 4267 prejudiee
640 4205 671 4255 de
687 4207 750 4256 cette
771 4205 869 4256 defense
888 4205 904 4254 n
921 4206 956 4268 s’y
975 4205 1004 4255 nt
1021 4206 1198 4269 proruouroir,
1213 4200 1338 4257 iusserant

230 4277 307 4329 rt'etre
325 4280 445 4332 rrairnent
464 4285 488 4332 et
506 4285 711 4346 cauouiquernent
731 4284 842 4337 ordonnd
859 4285 968 4349 precer»
