2804 5062
159 390 1088 448 cusu.barcusorum.rinnanuracuarsr.saun
1144 374 1213 447 363

113 513 242 590 stultum
276 513 360 588 forat
385 512 420 585 id
455 538 618 587 asserere.
651 513 758 610 Igitur
789 512 943 587 illicitum
976 514 1083 589 luerat
1111 539 1216 615 penes

113 629 309 705 tbnstianos
333 627 467 703 duobus
488 628 667 717 iratribus,
688 643 747 703 aut
764 629 935 704 sororibus
957 629 1083 704 nubere
1099 629 1143 705 cb
1159 657 1217 704 un·

113 748 231 846 t‘quum
247 771 384 830 wem,
408 759 447 818 ut
467 744 616 845 loquitur
627 772 657 819 s.
670 743 837 834 Basilius,
858 749 982 819 accim
1000 746 1080 846 locis
1097 744 1217 820 babes-

113 879 183 947 ειη,
200 888 236 934 cc
253 860 339 960 quod
350 860 443 934 ocbr's
459 887 481 934 a
496 862 579 933 ciris
593 864 717 934 sanctis
735 861 875 935 traditae
886 877 963 935 sunt
974 863 1107 962 reculas
1123 864 1212 960 (1³).

113 977 191 1076 lrgo
211 1002 279 1051 non
300 975 416 1076 alege
436 976 549 1065 civili,
578 976 638 1051 sed
660 1003 681 1051 a
702 977 776 1077 lege
796 979 895 1053 unice
917 978 1147 1054 ecclesiastica
1163 1003 1217 1052 vs·

113 1093 182 1167 itae
202 1092 337 1166 luemnt
352 1092 519 1166 eiusmodi
541 1095 698 1194 nuptiae;
723 1094 814 1194 quod
837 1095 936 1196 plane
956 1096 1075 1170 evertit
1099 1094 1218 1170 adver·

113 1207 183 1282 urii
206 1223 368 1307 systema.
393 1207 458 1281 Sed
480 1234 547 1281 non
567 1233 653 1308 opus
675 1224 728 1282 est
748 1210 965 1299 coniecturis,
994 1236 1070 1284 cum
1097 1209 1219 1285 existat

113 1347 179 1397 tan.
208 1324 254 1396 ll.
282 1323 434 1398 eiusdem
456 1323 614 1398 concilii:
638 1324 808 1415 nllulier,
842 1327 871 1400 si
898 1325 1031 1401 duobus
1057 1325 1218 1400 fratribus

113 1440 286 1540 nupserit,
323 1440 503 1515 abiiciatur
535 1440 713 1542 usquead
739 1459 890 1516 mortem.
919 1444 1152 1517 Verumtamen
1182 1442 1218 1515 in

113 1553 196 1629 uitu
228 1569 367 1655 propter
395 1554 681 1644 misericordiam,
711 1557 741 1630 si
768 1558 977 1657 promiserit,
1005 1555 1097 1658 quod
1131 1556 1218 1632 lacta

113 1669 286 1746 {ncolumis
311 1670 413 1746 huius
438 1672 684 1746 coniunctionis
708 1674 842 1746 uincula
867 1672 1043 1757 dissolvat,
1073 1672 1218 1746 fructum

113 1787 330 1887 poenitentiae
354 1805 581 1889 consequatur
607 1790 638 1885 (1
647 1790 695 1884 l).
715 1817 733 1858 u
755 1789 789 1860 Si
814 1788 947 1861 uincula
979 1786 1214 1872 dissoluenda,

113 1902 218 2002 rgitur
240 1928 320 2001 ergo
345 1901 388 1977 de
413 1902 652 2004 impedimento
670 1903 867 1991 dirimente,
889 1928 956 1977 non
974 1917 1085 1976 autem
1102 1901 1220 2002 probi·

113 2021 205 2092 beuta
224 2033 368 2092 tantum.
391 2018 479 2117 Ergo
499 2045 540 2093 ex
561 2019 627 2094 hoc
647 2019 773 2119 pariter
798 2017 940 2093 concilio
965 2017 1137 2092 evanescit
1161 2043 1220 2118 pa·

113 2133 268 2209 adoram
294 2132 501 2234 spalatensis
526 2150 719 2236 apostatae,
748 2134 839 2235 quod
864 2133 956 2206 nulla
979 2147 1067 2207 extet
1090 2134 1219 2208 sanctio

113 2250 268 2324 amonica
280 2248 324 2322 ad
336 2250 560 2324 discernenda
571 2251 727 2348 coniugia
740 2276 850 2350 usque
863 2250 905 2323 ad
920 2276 949 2323 s.
963 2249 1157 2348 Gregorium
1171 2250 1215 2322 ll.

113 2365 224 2440 lotum
246 2365 337 2438 enim
350 2380 419 2455 est,
435 2366 615 2440 concilium
637 2366 925 2442 neociaesariense
944 2363 1148 2440 celebratum
1166 2365 1219 2440 lu-

113 2506 170 2556 sae
182 2507 242 2555 an.
257 2483 341 2554 e1t.

176 2598 292 2695 Pergit
311 2612 422 2672 tamen
443 2597 674 2698 Spalatensis,
696 2596 897 2698 subditque:
922 2597 1005 2670 «Sic
1020 2596 1101 2671 lacit
1117 2596 1218 2670 etiam

113 2712 283 2787 ancilium
302 2711 535 2787 eliberitanum
557 2717 653 2810 (can.
665 2717 744 2808 61.)
765 2713 929 2789 adversus
946 2739 1045 2802 eum,
1066 2713 1123 2814 qui
1142 2728 1221 2812 post

113 2845 244 2904 nortem
277 2829 391 2903 uxoris
424 2854 572 2904 sororem
599 2828 751 2903 eiusdem
778 2831 892 2904 uxoris
916 2830 981 2904 sibi
1008 2829 1220 2903 matrimonio

113 2943 260 3045 repulat3
280 2944 519 3044 poenitentiam
544 2944 663 3019 indicit
684 2961 854 3046 tamquam
873 2946 908 3018 in
926 2973 995 3021 rem
1015 2944 1220 3046 prohibitam

113 3059 310 3134 stillicitam
327 3048 441 3156 (15).»
457 3060 539 3148 llst,
560 3060 735 3148 sciscitor,
758 3061 963 3161 quibusnam
986 3061 1110 3161 lcqibus
1129 3049 1221 3133 sccu-

113 3171 233 3246 lrribus
258 3173 464 3273 prohibitum
486 3200 527 3249 ac
547 3174 700 3250 illicitum
723 3177 787 3249 luit
809 3175 975 3250 eiusmodi
1001 3174 1217 3272 coniugium,

113 3313 179 3362 nrm
196 3289 309 3361 sullae
327 3290 464 3364 omnino
482 3290 673 3364 saeculares
693 3290 784 3389 loges
803 3289 838 3363 id
856 3307 934 3363 ante
952 3289 1137 3375 vetuerint,
1157 3313 1220 3362 nec

113 3418 283 3476 uetuerunt
302 3404 369 3477 nisi
399 3419 475 3505 post
496 3405 564 3478 duo
585 3403 663 3505 plus
686 3404 798 3478 minus
823 3403 937 3478 secula
957 3430 978 3477 a
998 3402 1220 3477 celebratione

113 3518 207 3592 ruins
221 3518 356 3591 concilii
369 3519 574 3608 eliberitani,
591 3547 679 3620 quae
697 3520 835 3618 contigit
852 3546 908 3594 an.
928 3517 1017 3593 305?
1029 3519 1080 3592 En
1095 3545 1217 3593 norum

113 3650 358 3734 trgumentum,
380 3661 447 3735 quc
467 3629 650 3709 deslruitur
671 3634 880 3735 Spalatensis
906 3652 1055 3737 systema
1078 3635 1220 3734 eiusque

113 3764 319 3824 unaarum.
336 3749 469 3823 Certum
498 3750 666 3850 siquidem
684 3767 735 3826 est
757 3750 801 3824 ad
822 3751 921 3826 istam
942 3776 1052 3851 usque
1076 3764 1218 3824 aemtem

113 3881 135 3938 rt
151 3863 196 3937 ad
215 3863 352 3962 longum
378 3882 510 3966 tempus
533 3883 648 3967 postea
665 3894 726 3968 per
743 3866 836 3966 leges
856 3866 1027 3943 seculares
1049 3866 1114 3942 ista
1140 3891 1221 3941 con-

115 3981 197 4080 ugia
223 3980 311 4054 inter
329 3979 451 4055 aflines
473 3982 639 4082 permissa
656 4009 696 4057 ac
713 3982 807 4057 licita
827 3983 946 4058 luisse.
963 3982 1090 4058 Ceteris
1107 4006 1220 4058 exem-

174 4200 228 4264 (ts)
241 4201 314 4251 ch.
327 4199 358 4250 sd
371 4199 508 4252 Diodorum
519 4198 559 4251 ed.
569 4201 648 4250 Maur.
659 4201 720 4251 tom
729 4202 774 4252 ΙΙΙ.

175 4283 229 4422 {a}
245 4285 366 4411 ¹thamnam.
380 4281 491 4346 Dionysll
507 4280 603 4346 Erigat.
618 4279 689 4346 Apud
706 4280 783 4333 Hard.
795 4281 845 4333 loc.
858 4282 900 4334 cit.
913 4281 960 4334 ccl.
973 4289 1027 4335 tet.
