2804 5062
142 362 1083 453 mr.vt.narrirr.nrnasr.rnr.srvrtcoiic'rrn.nanu.
1144 375 1210 452 tat

115 519 305 618 agitium,
325 516 478 617 adeoque
498 515 688 592 haereticae
714 517 886 592 doctrinae
903 544 944 592 ac
961 535 1071 593 sectae
1089 519 1215 596 adhae-

115 659 187 722 cre,
208 647 245 706 et
260 631 510 706 communicare
536 635 571 704 in
597 633 721 721 sacris,
750 634 841 733 quod
869 635 1018 735 prolecto
1043 635 1137 710 nolas
1163 653 1217 712 est

115 746 273 824 ntholicis
290 746 486 821 hominibus
503 752 635 847 absque
652 748 772 823 salutis
791 749 983 849 dispendio.
1003 750 1215 852 Quapropter

115 882 171 940 oet
195 864 264 938 suh
286 863 452 938 honorum
486 865 653 952 iacturae,
692 866 785 938 exilii
816 866 1074 940 comminatione
1107 891 1216 940 carce·

115 989 241 1082 nmque
262 1006 446 1081 poenarum
464 981 499 1053 id
518 981 786 1082 praeciperetur,
814 982 908 1057 nullo
932 983 1032 1057 modo
1049 999 1139 1057 esset
1155 982 1214 1056 tali

115 1098 232 1198 siquae
255 1096 321 1194 legi
345 1098 543 1198 parendum.
574 1101 667 1171 Tunc
690 1124 770 1172 vero
796 1098 986 1172 haereticus
1012 1123 1074 1172 ceu
1104 1114 1215 1173 sectae

115 1213 278 1310 aligiosae
297 1213 450 1286 minister
471 1210 654 1287 formaliter
679 1239 779 1311 agere
804 1229 980 1300 censetur,
1010 1237 1114 1313 quum
1142 1214 1216 1315 ipse

115 1328 293 1428 aligiosum
328 1323 429 1402 ritum
460 1345 518 1401 aut
547 1330 771 1404 ceremoniam
804 1344 956 1418 exercet,
993 1330 1216 1430 impertiendo

115 1469 145 1516 r.
156 1469 210 1541 gr.
224 1442 496 1518 benedictionem
511 1445 695 1546 nuptialem
711 1471 814 1545 super
826 1444 1076 1533 contrahentes,
1090 1445 1217 1520 orando

115 1585 199 1659 uper
218 1583 392 1657 sponsos,
414 1558 550 1658 aliaque
571 1560 738 1634 eiusmodi
758 1560 961 1658 praestando
978 1587 1066 1659 quae
1079 1560 1121 1633 ad
1137 1561 1214 1633 reli·

115 1674 230 1764 ionem
249 1675 426 1773 pertinent.

168 1791 277 1865 Secue
300 1815 396 1877 uero,
418 1789 448 1862 si
475 1788 631 1863 catholici
650 1789 773 1863 adeant
792 1790 999 1863 haereticum
1023 1790 1214 1863 ministrum

115 1905 168 1981 ive
185 1921 265 1978 ante
282 1905 354 1978 eive
371 1920 450 2005 post
466 1904 669 1978 celebratum
687 1930 799 1977 coram
817 1904 964 2004 parocho
982 1904 1118 2004 proprio
1135 1929 1215 1978 con-

115 2020 226 2121 ngium
249 2035 287 2094 ut
307 2021 399 2093 iuxta
418 2018 529 2093 civilis
548 2019 633 2119 legis
651 2021 895 2121 praescriptum
911 2045 1023 2094 coram
1042 2019 1101 2093 illo
1121 2019 1215 2093 exhi-

115 2153 198 2212 sant
230 2162 433 2211 consensum
460 2152 630 2236 tamquam
656 2162 768 2210 coram
794 2136 948 2210 ministro
974 2135 1128 2236 politico,
1157 2151 1215 2209 aut

115 2254 316 2352 registratu,
338 2251 424 2324 nihil
449 2252 584 2327 obstare
607 2251 742 2327 videtur
765 2252 947 2352 quominus
974 2252 1009 2323 id
1027 2250 1117 2325 licite
1140 2251 1210 2325 fiat.

115 2369 179 2443 lam
208 2368 244 2440 in
269 2366 437 2442 eiusmodi
463 2392 574 2442 rerum
601 2367 770 2442 adiunctis
789 2383 960 2467 spectatur
983 2367 1213 2442 tantummode

115 2483 207 2559 ivilis
233 2480 318 2581 legis
335 2483 569 2584 praescriptio,
591 2510 653 2558 nec
669 2483 775 2557 utitur
791 2483 945 2558 ministro
963 2483 1157 2580 religionis,
1177 2500 1216 2557 ut

115 2613 236 2687 ocant,
265 2613 393 2686 status,
415 2598 475 2673 sed
492 2614 530 2672 ut
547 2624 658 2672 coram
678 2598 815 2698 politico
838 2599 1001 2696 regimine
1022 2614 1151 2672 constet
1172 2597 1214 2672 de

115 2713 309 2813 agitimitate
334 2714 587 2812 coniugiorum,
616 2741 705 2814 quae
730 2715 765 2786 in
791 2713 964 2813 republica
985 2741 1046 2788 seu
1069 2715 1103 2786 in
1127 2731 1216 2789 statu

115 2845 265 2904 nountur.
283 2831 352 2903 Nec
369 2830 479 2903 obstat
497 2828 540 2902 ab
558 2829 723 2904 eiusmodi
741 2830 897 2905 ministro
916 2830 1082 2904 interdum
1095 2830 1216 2904 adhor-

115 2945 242 3020 ationes
275 2944 347 3018 lieri
383 2944 426 3017 ad
456 2945 615 3040 coniuges
647 2946 747 3018 etiam
777 2944 984 3033 catholicos,
1016 2961 1055 3017 ut
1084 2960 1216 3019 servent

115 3057 307 3156 oniugalem
334 3058 455 3146 fidem,
483 3075 520 3132 ut
544 3058 630 3132 bene
655 3060 782 3160 prolem
813 3061 1008 3146 instituant,
1029 3073 1066 3131 ut
1086 3059 1216 3131 animo·

115 3200 171 3248 nm
190 3190 324 3249 servent
340 3174 573 3262 concordiam,
591 3173 726 3273 aliaque
738 3174 904 3248 eiusmodi
920 3188 1109 3272 praestent;
1131 3171 1215 3245 haec

115 3290 190 3364 mim
216 3289 260 3365 ad
286 3289 481 3388 religionem
508 3305 619 3363 sectae
645 3315 711 3362 non
737 3291 904 3390 pertinent
923 3292 1037 3385 (199).

169 3407 261 3480 Sane
277 3432 345 3479 non
364 3408 410 3479 ita
427 3405 556 3506 pridem
571 3407 606 3477 in
620 3406 752 3503 Anglia,
764 3406 843 3478 data
859 3404 945 3502 lege,
966 3429 1083 3477 omnes
1101 3403 1216 3476 cuius-

115 3522 354 3620 inreligiosae
380 3519 604 3595 consessionis
635 3521 762 3594 subditi
794 3519 997 3618 cogebantur
1018 3545 1130 3593 coram
1152 3519 1215 3590 mi-

115 3639 205 3714 iistro
218 3638 419 3736 Anglicano,
446 3664 506 3711 seu
525 3637 712 3734 religionis,
733 3665 834 3738 quam
853 3653 989 3724 vocant,
1015 3634 1134 3732 legalis
1152 3661 1214 3707 sua

115 3754 266 3831 elebrare
283 3755 461 3852 coniugia,
482 3780 543 3828 seu
562 3754 596 3826 in
611 3755 803 3851 coniugium
822 3753 983 3853 praehere
996 3776 1209 3825 consensum.

115 3875 200 3946 'orro
216 3895 293 3945 cum
307 3871 515 3970 Anglicanua
533 3871 686 3944 minister
703 3886 910 3970 spectaretur
926 3869 975 3942 uti
992 3891 1136 3969 persona
1154 3891 1215 3965 po-

115 3986 208 4075 itica,
239 4010 304 4060 non
323 3984 515 4060 abnuebant
533 3985 711 4073 catholici,
732 3984 873 4083 perinde
892 4009 932 4057 ao
949 3981 1141 4056 dissidentes
1168 4006 1215 4054 re

115 4102 199 4204 iqui,
233 4105 325 4203 (qua
345 4101 618 4176 denominatione
647 4101 867 4198 designantur
892 4113 1055 4199 quotquot
1080 4097 1215 4197 religio·

169 4300 237 4365 (tot)
252 4299 292 4351 ct.
303 4303 340 4352 De
350 4301 397 4352 boc
411 4301 554 4364 argumento
566 4299 677 4352 Loesium
694 4298 920 4352 reluctantem
936 4305 973 4351 ts.
988 4297 1055 4350 verb.
1066 4297 1214 4348 naaratha·

115 4391 157 4432 κιιι
171 4392 236 4436 eunt
252 4380 389 4436 cotetae
405 4383 578 4434 connotatio.
1119 4453 1142 4500 t
