2804 5062
114 361 1055 419 crerinnrcrnrorrsr.ramosas.annuntiarentur.
1096 343 1164 415 tlt

65 510 134 585 quo
150 484 220 559 duo
236 485 395 582 coniuges
411 511 516 557 unum
535 484 621 558 inter
636 510 674 559 se
692 484 775 557 fiunt
792 482 1011 584 inseparabili
1027 507 1166 584 prorsus

64 601 213 689 ratione,
235 616 333 700 pmut
349 600 583 700 inseparabilis
599 600 787 674 coniunctio
805 599 892 673 lacta
909 614 961 673 est
975 599 1072 672 Verbi
1090 624 1166 672 cum

62 731 239 814 assumpta
264 715 481 789 humanitate.
503 714 600 801 Quod
625 714 760 814 quidem
791 740 985 814 expressum
1015 729 1066 788 est
1095 712 1165 788 illis

62 827 196 903 verbis:
223 846 254 902 et
276 846 370 903 erunt
392 830 456 902 duo
480 832 515 902 in
540 855 635 902 corne
664 857 730 901 uno
759 832 847 926 (10).
869 829 1042 916 Quomodo
1066 829 1168 926 igitur

61 959 219 1044 poterunt
241 946 409 1046 principos
434 970 565 1018 sacrum
591 945 655 1018 boo
678 946 810 1042 signum
828 945 901 1019 suis
918 943 1049 1041 legibus
1066 944 1168 1017 attin-

61 1084 161 1156 gere,
189 1075 227 1133 ut
250 1061 444 1135 auctoritate
468 1086 530 1134 sua
553 1059 701 1132 ualidum
727 1075 785 1132 aut
809 1060 938 1132 irritum
964 1057 1114 1133 iaciant?

134 1177 309 1249 Praeterea
333 1201 354 1248 a
377 1174 447 1247 Deo
471 1174 660 1247 ordinatum
687 1189 738 1246 est
763 1173 956 1271 coniugium
974 1172 1017 1246 ad
1036 1197 1168 1272 procra-

61 1289 171 1363 andos
189 1289 363 1374 homines,
383 1289 532 1362 viventes
550 1289 678 1362 scilicet
701 1288 754 1362 sui
776 1288 886 1387 ipsius
904 1288 1086 1385 imagines,
1108 1287 1166 1386 qui

61 1404 182 1478 fiarent
204 1403 385 1505 aliquando
410 1403 571 1477 haeredes
596 1403 677 1476 coeli
696 1418 728 1476 et
745 1402 874 1476 incolae
892 1427 1059 1502 supernae
1075 1402 1167 1476 illius

59 1518 207 1593 civitatis
231 1519 328 1592 cuius
352 1517 568 1592 fundamenta
592 1544 658 1592 non
684 1518 783 1592 bomo
809 1517 868 1591 sed
892 1519 983 1592 Deus
1008 1519 1083 1616 ipse
1104 1540 1166 1617 po·

59 1632 129 1706 suit
161 1632 252 1727 (11).
272 1630 383 1730 Quum
407 1630 548 1732 proinde
572 1631 615 1703 ad
640 1631 740 1705 linem
765 1630 847 1705 adeo
877 1628 1071 1717 sublimem,
1105 1654 1166 1703 seu

58 1744 346 1845 supernaturalem
361 1745 452 1819 Deus
470 1745 628 1845 primario
646 1745 764 1819 saltem
781 1744 940 1818 direxerit
957 1769 1053 1817 suam
1075 1741 1165 1816 bano

59 1858 207 1956 coniugii
233 1858 476 1933 institutionem
492 1860 527 1931 in
544 1859 619 1960 ipso
644 1873 732 1932 statu
757 1857 990 1957 paradisiaco,
1019 1856 1168 1957 prolecto

59 1972 304 2073 dependentem
321 1999 395 2046 eam
412 1973 549 2047 minime
565 1973 676 2047 ellecit
692 1973 735 2045 ab
754 1973 926 2049 bominum
948 1987 1110 2071 potestate
1127 1995 1166 2045 ao

60 2086 221 2173 arbitrio,
249 2088 295 2161 ita
318 2106 355 2162 ut
379 2089 446 2187 ipsi
473 2104 611 2187 possent
627 2086 758 2185 legibus
776 2087 848 2160 suis
865 2087 925 2159 Dei
944 2111 1030 2186 opus
1052 2084 1167 2185 aliqua

61 2202 191 2275 ratione
215 2219 362 2276 evertere
386 2219 443 2277 aut
459 2202 677 2290 labefactare,
698 2220 800 2302 atque
817 2203 925 2302 ipsius
945 2201 1086 2274 firmitas
1108 2214 1167 2273 ent

60 2315 209 2388 inanitas
238 2315 281 2389 ab
316 2316 461 2391 bominis
497 2314 666 2390 uoluntate
700 2317 876 2416 penderet,
915 2330 1083 2414 tamquam
1114 2336 1168 2387 res

60 2429 220 2527 politicae
248 2431 404 2532 potestati
428 2430 590 2505 subiecta.

130 2542 210 2616 Sive
227 2543 328 2640 igitur
344 2562 533 2645 spectemus
554 2546 699 2642 coniugii
720 2546 961 2620 institutionem
982 2545 1090 2618 allec
1114 2543 1163 2616 la-

58 2674 147 2730 etam
180 2658 321 2757 eiusque
353 2659 638 2747 moderationem
672 2661 744 2734 sive
776 2686 934 2734 arcanum
970 2658 1165 2760 mysterium

57 2771 151 2870 quod
177 2771 212 2842 in
236 2773 311 2847 eius
337 2772 544 2848 institutione
568 2776 658 2849 Deus
684 2775 914 2862 adumbravit3
936 2776 1008 2849 siue
1031 2774 1167 2847 demum

59 2885 163 2957 linem
191 2888 477 2984 supernaturalem
508 2888 552 2961 ad
582 2915 681 2988 quem
711 2890 794 2963 illud
819 2890 936 2963 ultimo
961 2888 1164 2973 destinavit,

57 3014 152 3098 patet
175 3000 313 3074 omnino
336 3001 485 3075 uoluisse
508 3004 633 3090 Deum,
660 3023 699 3079 ut
723 3003 805 3076 illud
823 3004 866 3076 ab
884 3005 1033 3077 bumana
1048 3002 1168 3076 rolun·

57 3129 128 3187 tate
151 3139 191 3187 ac
215 3130 378 3212 potestate
403 3116 495 3191 nullo
521 3143 658 3215 prorsus
684 3119 782 3192 modo
811 3120 989 3219 penderet,
1019 3143 1059 3191 ac
1088 3140 1167 3215 pro-

56 3228 138 3299 inde
163 3226 292 3300 nullum
318 3231 503 3331 principem
530 3247 723 3329 potestatem
751 3232 874 3305 babere
898 3232 932 3303 in
959 3231 1051 3304 illius
1076 3229 1168 3304 vulo·

56 3368 128 3414 rem
154 3357 213 3415 aut
237 3342 477 3418 infirmitatem.
499 3346 541 3418 Et
564 3345 647 3419 baec
672 3346 808 3445 quidem
833 3371 874 3419 ex
900 3361 994 3445 parta
1019 3346 1093 3417 Dei.

130 3454 180 3527 Ex
205 3472 299 3556 parte
324 3457 488 3556 Principis
513 3459 547 3531 id
574 3460 685 3559 ipsum
711 3460 870 3547 allicitur;
895 3459 1053 3531 nimirum
1080 3457 1169 3558 prin·

53 3571 151 3670 cipes
176 3573 359 3669 generatim
385 3575 457 3646 suis
483 3574 614 3672 legibus
638 3576 808 3648 vinculum
840 3577 1019 3674 attingere,
1049 3600 1088 3648 ac
1106 3598 1167 3647 no·

129 3754 180 3816 (tt)
195 3755 250 3805 flue
258 3755 365 3819 perbelle
374 3759 469 3821 Moyses
479 3758 570 3822 passim
581 3757 689 3809 insinuet
698 3758 758 3808 dum
768 3759 793 3809 in
804 3760 898 3823 legibus
908 3759 1027 3809 divinitas
1037 3759 1167 3822 datis,non

54 3834 106 3884 aliu
122 3832 208 3897 purat
226 3834 264 3884 utl
282 3837 409 3887 eonsuerlt
425 3837 457 3887 ed
472 3837 657 3901 significandum
673 3839 788 3888 maritum
805 3843 829 3889 et
845 3853 944 3889 uxorem
958 3852 1033 3902 quem
1050 3851 1109 3888 rore
1120 3838 1166 3888 Pu.

52 3916 99 3964 Ex.
112 3925 151 3976 gr.
162 3915 236 3964 Dent.
245 3916 276 3964 v.
293 3919 329 3966 11.
342 3919 415 3967 «Non
430 3917 505 3968 lactes
516 3917 541 3967 ln
552 3930 581 3967 eo
595 3917 651 3979 (dle
661 3917 756 3969 sabbati
766 3918 776 3978 )
787 3919 921 3982 quidqrrern
937 3918 1018 3982 operis
1030 3920 1059 3968 tn
1069 3919 1094 3968 et
1103 3916 1169 3968 llllus

52 3995 113 4044 tau
131 3993 157 4044 et
174 3991 239 4058 utta,
257 4007 343 4046 servus
360 3997 385 4046 et
404 3996 494 4047 ancille
512 3997 574 4047 etc.»
583 3999 638 4047 1111.
652 4005 689 4048 re.
701 3998 835 4049 «comedes
852 3998 1060 4049 ea...trtetfi1ius
1075 3999 1132 4047 tuus
1143 3999 1169 4049 et

53 4071 105 4122 dlis
124 4072 169 4123 un
189 4075 214 4124 et
232 4085 319 4124 serras
336 4077 400 4149 etp.»
407 4075 510 4126 teritio.
522 4078 598 4127 xxv.
608 4084 632 4127 e.
645 4097 657 4120 «
669 4079 744 4127 Erant
762 4077 834 4129 robis
847 4079 872 4128 in
884 4078 965 4129 elbum
985 4077 1041 4128 rttr
1055 4078 1081 4128 et
1096 4089 1168 4128 serre

53 4153 98 4201 tuo
108 4151 175 4202 ete.»
184 4153 216 4202 et
224 4151 260 4202 lta
270 4166 343 4216 porro
351 4154 423 4218 qnasi
431 4166 519 4219 nempe
529 4157 640 4220 egeretm
650 4154 680 4207 de
694 4170 743 4205 nne
753 4156 888 4220 eademque
898 4169 1001 4221 persona
1016 4169 1072 4207 cum
1088 4155 1169 4219 agltru

52 4229 83 4279 de
99 4229 158 4281 rlro
174 4233 200 4282 et
221 4245 305 4284 more.

80 4387 85 4397 Ι
126 4310 374 4373 (siraconum.
