2804 5062
242 367 286 439 3⁰
474 387 700 439 us.1r.srnr.
722 389 746 436 r.
766 389 807 438 na
833 387 958 438 aornar.
980 387 1105 438 aconas.

241 507 372 580 factae
398 503 599 577 sacramenti
624 503 773 590 ratione,
800 528 877 577 asse
897 529 976 578 vere
1003 528 1044 576 ac
1069 502 1222 600 rigoroso
1247 530 1350 580 sensu

241 636 441 696 contractum
460 618 533 694 sive
554 619 741 693 naturalem
764 620 836 694 sive
860 619 1005 694 civilem.
1035 619 1078 690 Hi
1104 620 1196 692 enim
1214 638 1352 696 conten-

240 737 328 812 dunt
350 736 600 810 matrimonium
622 735 735 835 quoad
762 752 916 809 naturam
942 760 982 808 ac
1004 733 1229 808 substantiam
1257 762 1352 811 suam

242 853 335 927 nulla
367 877 507 952 prorsus
540 851 669 924 ratione
693 876 772 924 esse
799 865 1026 936 contractum,
1062 847 1231 949 siquidem
1259 850 1354 927 deest

241 967 407 1043 obiectum
432 992 495 1040 seu
527 991 580 1040 ras
613 964 657 1039 de
686 992 754 1065 qua
776 965 935 1038 contrahi
965 964 1086 1063 possit.
1122 963 1352 1041 Substantiam

242 1082 369 1185 quippe
397 1082 603 1157 matrimonii
634 1081 738 1157 efficit
766 1098 882 1156 mutue
911 1080 1071 1179 obligatio
1102 1080 1286 1179 coniugum
1310 1082 1353 1156 ad

189 1288 192 1292 Α
241 1223 391 1274 amorem
413 1215 448 1272 et
472 1197 666 1272 fidelitatem
692 1198 727 1270 in
750 1198 870 1273 ordine
893 1196 937 1270 ad
963 1196 1089 1299 prolem
1110 1197 1352 1297 procreandam

241 1312 565 1414 instituendamque,
587 1339 675 1414 qnae
693 1338 827 1387 omnem
851 1311 1074 1387 contrahendi
1095 1337 1136 1386 ac
1157 1311 1352 1412 paciscendi

242 1443 396 1503 naturam
423 1428 547 1527 refugit
574 1430 662 1525 (dd).
692 1428 905 1529 Quapropter
934 1427 1070 1503 nonnisi
1100 1427 1284 1528 impmprie
1314 1454 1354 1503 ac

241 1543 352 1619 latiori
379 1543 525 1644 quadam
550 1543 797 1641 significatione
821 1543 1071 1618 matrimonium
1101 1557 1293 1617 contractus
1315 1570 1354 1616 er

243 1659 385 1734 istorum
417 1659 582 1733 sententia
606 1657 673 1731 dici
698 1675 836 1760 posset,
865 1673 1032 1759 quatenus
1062 1656 1192 1732 scilicet
1214 1657 1354 1732 verbum

242 1776 429 1848 contradere
453 1790 637 1874 usurpatur
660 1773 704 1848 ad
730 1801 772 1848 ea
796 1772 1033 1874 exprimenda,
1060 1798 1148 1873 quae
1160 1798 1222 1873 per
1240 1775 1356 1847 matri-

241 1889 391 1965 monium
415 1889 656 1978 intenduntur,
683 1915 816 1990 usuque
845 1890 1093 1990 quodammodo
1120 1905 1352 1963 consecratum

241 2020 313 2091 est,
332 2033 400 2106 quo
425 2033 529 2080 sensu
549 2033 569 2080 a
594 2006 737 2081 concilio
765 2007 945 2082 tridentino
969 2005 1168 2080 vocabulum
1198 2004 1264 2079 hcc
1294 2005 1356 2078 ad-

241 2118 377 2193 hibetur
401 2123 495 2216 (43),
520 2121 602 2220 quin
626 2137 737 2195 tamen
763 2121 888 2196 idcirco
918 2121 1090 2196 conclusio
1114 2120 1158 2194 ad
1183 2120 1356 2195 veritatem

242 2236 445 2324 sententiae,
474 2262 562 2335 quae
587 2238 836 2312 matrimonium
855 2237 890 2310 in
915 2254 1101 2313 ceterorum
1123 2252 1355 2311 contractuum

245 2350 396 2426 civilium
423 2351 567 2427 classem
592 2353 708 2442 refert,
727 2352 849 2427 deduci
876 2353 995 2453 possit.

314 2466 435 2539 Verum
465 2467 633 2567 quidquid
660 2467 704 2540 de
728 2467 792 2541 hoe
822 2467 1041 2542 verisimilius
1073 2467 1254 2541 tenendum
1285 2468 1353 2555 sit,

242 2580 333 2683 quod
347 2582 420 2656 suis
433 2583 627 2656 auctoribus
652 2582 872 2672 dimittimus,
894 2583 977 2657 illud
996 2599 1105 2656 ratum
1131 2583 1356 2684 exploratum·

242 2722 309 2798 que
334 2723 412 2771 esse
429 2697 544 2786 debat,
572 2700 764 2798 coniugium
783 2716 990 2774 contractum
1009 2700 1190 2802 quemdam
1208 2726 1286 2774 esse
1302 2699 1356 2774 sni

243 2815 377 2912 generis
402 2840 422 2887 a
440 2814 579 2915 reliquis
598 2816 755 2890 omnibus
777 2816 880 2917 plane
897 2816 1067 2891 diversum
1085 2841 1125 2890 ae
1143 2816 1291 2889 immane
1307 2815 1357 2888 di-

242 2944 399 3005 stantem.
421 2931 464 3003 Ut
479 2930 570 3004 anim
587 2930 736 3032 loquitur
752 2934 886 3007 Moser:
911 2930 1197 3006 «matrimonialis
1222 2946 1357 3004 contra-

248 3063 342 3134 ctus,
363 3046 589 3121 abstractione
605 3048 706 3121 etiam
720 3049 807 3123 facta
824 3076 845 3122 a
863 3050 989 3124 ratione
1007 3047 1226 3136 sacramenti,
1243 3045 1356 3147 quoad

246 3177 399 3235 naturam
426 3187 466 3235 ac
484 3161 708 3236 substantiam
726 3168 860 3237 suam‘a
884 3164 1024 3264 reliquis
1042 3161 1269 3238 contractibus
1288 3177 1357 3235 toto

244 3278 337 3353 caelo
364 3278 536 3352 differt...
568 3276 633 3363 Qui
659 3279 860 3352 matrimonii
887 3297 1039 3353 naturam
1066 3296 1168 3378 atque
1191 3277 1356 3375 originem

243 3407 368 3467 attenta
385 3411 495 3468 mente
513 3394 799 3483 consideraverit,
830 3395 943 3468 statim
961 3394 1057 3468 fateri
1084 3410 1245 3492 cogetur,
1275 3419 1357 3467 oon-

244 3524 385 3582 tractum
398 3537 475 3585 esse
486 3539 564 3586 vere
577 3512 801 3610 singularam,
822 3540 888 3587 non
902 3512 945 3585 ab
958 3510 1153 3586 bominibus
1173 3510 1234 3584 sed
1251 3510 1357 3583 abeo

244 3624 318 3727 ipso
336 3625 528 3700 immediate
540 3629 745 3715 institutum;
767 3630 856 3702 circa
874 3656 974 3729 quam
992 3629 1103 3704 varias
1121 3653 1258 3727 quoque
1279 3627 1356 3727 ipse

244 3739 463 3841 praescripsit
474 3741 606 3838 regulas
621 3769 642 3815 a
659 3743 752 3816 nulla
770 3759 933 3841 potestate
949 3743 1099 3816 humana
1111 3740 1352 3828 immutandas,

243 3872 302 3929 ant
318 3854 517 3930 relaxandas
529 3880 562 3929 v.
573 3881 606 3954 g.
620 3856 710 3930 circa
727 3857 801 3932 eius
819 3856 1002 3944 ubitatem,
1023 3854 1356 3931 indissolubilitatem

311 4117 361 4180 (tt)
376 4119 468 4170 sedulo
481 4119 648 4184 coemtionem
663 4121 726 4171 bane
747 4122 904 4185 pertractavit
924 4123 1002 4173 aetate
1019 4122 1081 4173 beno
1097 4123 1180 4173 nostm
1195 4122 1226 4171 D.
1248 4121 1306 4181 Moy
1328 4118 1352 4168 in

243 4209 284 4260 op.
302 4198 439 4260 germanica
455 4202 492 4250 Da
507 4203 565 4251 turc
579 4201 772 4252 matrimontolt
787 4201 993 4253 christianorum
1009 4204 1036 4252 ia
1057 4201 1166 4254 ecelesia
1183 4197 1310 4251 erartott
1330 4199 1355 4248 et

239 4275 404 4328 mctdcatolt.
426 4279 609 4343 Banoubaroi
628 4286 695 4332 rste.

312 4355 363 4419 (tt)
378 4358 441 4409 sees.
459 4359 545 4410 xxiv.
562 4371 616 4423 asp.
632 4361 651 4410 Ι.
665 4361 703 4410 De
718 4357 824 4422 reform.
841 4361 955 4411 taetrior.
