2804 5062
159 382 227 434 err.
241 384 286 433 vr.
299 384 338 433 ns
352 383 445 434 utra.
460 383 594 433 ennam.
609 384 672 432 rur.
687 385 722 433 sn
735 385 795 432 ran
809 384 871 433 cuu
882 384 974 434 enan.
988 386 1058 433 inr.
1071 387 1103 432 v.
1152 365 1220 435 293

125 503 256 602 ruptiis.
273 561 279 572 .
299 561 305 572 .
322 500 571 600 obligaverint.
594 502 805 602 Quamquam
827 503 916 576 enim
935 502 993 574 illa
1010 502 1222 579 familiaritas

125 642 182 691 ose
208 617 320 716 possit
345 617 420 689 sine
444 617 592 713 flagitio,
622 618 739 715 llagitii
766 634 853 690 certe
878 616 1027 716 periculo
1053 643 1092 691 ac
1110 621 1224 717 suspi-

125 731 204 805 ione
229 755 300 805 non
324 756 456 804 uacare.
486 732 671 830 Utrumque
698 745 807 804 autem
831 731 944 830 probis
962 748 994 804 et
1011 731 1097 804 bene
1115 759 1222 806 mora-

125 848 149 921 is
174 846 459 921 christifidelibus
486 847 670 920 cavendum
696 848 850 922 est....ld
874 847 992 921 saltem
1015 874 1076 946 pro
1092 849 1223 921 viribus

125 965 271 1060 atagite,
300 989 343 1035 ne
368 978 547 1063 postquam
575 963 781 1063 reipublicae
805 989 931 1037 morem
957 962 1006 1034 illi
1032 963 1220 1061 gesserint,

125 1102 173 1152 on
200 1076 264 1150 'diu
288 1075 446 1150 differant
470 1077 633 1151 ecelesiae
658 1077 789 1174 legibus
821 1103 953 1176 parere,
988 1094 1022 1149 et
1050 1078 1224 1176 coniugale

125 1191 290 1268 aedua...
322 1193 384 1265 rite
402 1208 435 1265 et
452 1208 567 1266 sancte
585 1193 671 1266 inire
688 1195 826 1288 (200).»
847 1193 988 1264 Demum
1007 1193 1036 1266 si
1055 1192 1123 1268 duo
1141 1195 1226 1266 inter

125 1308 287 1382 o'ineant
311 1309 466 1406 nuptias,
495 1333 637 1406 quorum
665 1307 747 1380 alter
772 1309 807 1378 in
833 1307 906 1381 loco
922 1323 1073 1381 versetur
1089 1309 1147 1382 ubi
1166 1337 1225 1408 pu-

125 1422 270 1499 lioatum
288 1440 341 1497 est
357 1424 527 1497 decretum
546 1422 781 1507 tridentinum,
803 1422 887 1495 alter
902 1449 980 1496 vero
998 1421 1056 1496 ubi
1071 1449 1142 1496 -non
1160 1424 1225 1495 fuit

125 1539 375 1636 tromulgatum,
404 1541 434 1613 si
461 1539 709 1612 matrimonium
736 1538 920 1612 celebretur
937 1531 1003 1611 ubi'
1018 1539 1223 1638 publicatum

125 1680 146 1730 e
170 1671 342 1755 receptum
367 1671 437 1741 est,
465 1656 658 1752 coniugium
677 1655 743 1726 nisi
762 1679 873 1727 eoram
891 1652 1038 1754 parocho
1055 1654 1223 1728 catholico

125 1771 182 1859 lat,
211 1785 266 1843 est
290 1770 418 1843 nullum
443 1770 574 1843 delectu
599 1769 900 1855 clandestinitatis3
930 1770 960 1841 si
977 1794 1058 1844 vero
1075 1769 1222 1842 celebre-

125 1912 160 1960 ur
182 1886 243 1960 ubi
272 1913 337 1959 non
363 1886 427 1959 luit
450 1885 658 1984 publicatum
684 1901 742 1958 aut
772 1910 955 1984 numquam
986 1900 1043 1957 aut
1072 1911 1093 1958 a
1123 1885 1220 1982 longo

125 2001 271 2101 emporis
297 1999 473 2073 intervallo
490 2025 555 2071 non
579 1999 642 2071 fuit
666 2013 856 2085 servatum,
876 1997 954 2070 lieet
971 1997 1128 2072 alteruter
1145 2024 1225 2072 eon-

125 2116 316 2191 mltentium
348 2131 477 2214 spectet
504 2115 548 2188 ad
573 2114 756 2188 dioecesim
782 2112 833 2188 vel
865 2105 1054 2212 paroeciam
1089 2114 1124 2185 in
1157 2141 1225 2214 qua

125 2229 236 2305 litinet
253 2228 423 2303 decretum
441 2228 675 2316 tridentinum,
696 2228 944 2301 matrimonium
963 2244 1074 2300 tamen
1095 2245 1148 2301 est
1164 2254 1222 2301 va-

125 2345 233 2432 idum3
264 2342 367 2444 idque
388 2342 517 2442 duplici
542 2343 586 2416 de
611 2369 734 2430 causa,
763 2358 833 2416 tum
860 2369 979 2442 nempe
1005 2343 1085 2442 quia
1111 2345 1225 2415 matri-

125 2461 260 2534 nonium
286 2475 337 2533 est
361 2457 594 2546 individuum,
615 2474 686 2532 tum
704 2460 785 2559 quia
806 2459 958 2558 sequitur
975 2459 1083 2532 forum
1105 2459 1139 2529 in
1158 2485 1225 2558 quo

125 2574 297 2650 alebratur
322 2575 412 2647 iuxta
437 2575 594 2674 superius
619 2574 721 2647 dicta.

179 2689 304 2762 Verum
326 2689 368 2762 de
389 2689 444 2760 his
464 2688 639 2762 hactenus.
662 2689 712 2761 lld
735 2690 884 2791 reliquas
902 2691 992 2763 enim
1009 2691 1226 2789 quaestiones

125 2805 200 2903 prod
227 2806 366 2892 attinet,
395 2803 525 2878 oonsuli
552 2804 675 2877 debent
701 2804 890 2902 theologiae
921 2804 1058 2879 moralis
1084 2823 1117 2878 et
1142 2807 1225 2880 iuris

125 2921 333 2996 ecelesiastici
357 2921 566 2994 institutores
592 2947 630 2993 ac
657 2921 864 3019 interpretes.

525 3155 690 3212 CAPUT
712 3156 802 3211 vu.

244 3344 283 3391 ott
296 3340 464 3391 scelestas
477 3341 650 3390 rotssmu
664 3341 697 3390 lN
711 3339 906 3391 untnluolttn
922 3338 1104 3390 llll-'tostum

420 3456 483 3506 conl
504 3456 664 3506 stanneus
690 3457 750 3505 VEL
776 3456 869 3505 INTER
894 3455 941 3504 SE.

546 3636 755 3695 ARTlCULUS
774 3638 796 3692 l.

209 3793 349 3867 Quaestio
372 3793 567 3868 praemittitur
589 3791 752 3868 theologtra
773 3791 808 3849 da
832 3798 936 3850 natura
958 3789 1137 3850 Matrimonii

311 3893 379 3946 ante
392 3894 421 3946 et
434 3895 500 3963 post
513 3886 675 3947 infidelium
700 3890 855 3966 coniugum
876 3887 1030 3963 baptisma.

190 4071 301 4144 llirari
329 4070 412 4143 forte
437 4071 515 4168 quis
536 4088 652 4168 posset
669 4096 730 4145 nos
751 4069 794 4143 de
811 4070 1023 4144 matrimonio
1042 4068 1228 4142 infidelium

129 4179 303 4271 disserere,
325 4184 384 4284 qui
401 4184 443 4257 de
463 4186 675 4259 matrimonio
695 4185 879 4259 christiano
903 4212 1001 4283 agere
1019 4184 1224 4283 profitemur.

190 4336 256 4400 (too)
274 4334 393 4386 nouam.
407 4342 475 4386 teor.
