2804 5062
229 360 1144 423 annumerari.sormcortsrour.minoramus.
1207 352 1251 423 ii'i

142 480 409 578 carthaginiensi
429 479 482 567 lv,
504 496 539 552 ut
557 479 742 552 invalidum
755 481 944 555 decernitur
961 483 1005 556 ah
1017 485 1210 562 innocentio
1223 491 1249 562 l.

147 596 329 670 scribente:
352 595 475 680 «Quae
492 594 624 670 Christo
638 595 832 695 spiritaliter
844 617 1046 697 nupserunt,
1062 618 1095 674 et
1111 601 1212 676 velari
1231 631 1252 679 a

147 712 319 786 saocrdote
336 728 552 798 meruerunt,
575 712 605 783 si
623 728 739 813 postea
754 712 808 786 uel
827 713 960 813 publice
985 718 1180 815 nupserint,
1200 721 1253 794 vel

149 852 184 898 se
208 826 360 900 clanculo
392 825 623 926 corruperint,
658 853 725 901 non
758 854 815 901 eas
848 829 1071 905 admittendas
1101 859 1179 906 esse
1209 835 1253 907 ad

149 942 308 1039 agendam
325 940 587 1040 poenitentiam,
603 942 668 1014 nisi
690 942 720 1015 is
739 944 793 1015 cui
811 968 848 1015 se
866 943 1041 1023 iunxerant
1060 945 1102 1019 de
1119 947 1253 1025 saeculo

148 1056 330 1130 recesserit.
362 1056 397 1126 Si
419 1056 508 1128 enim
526 1056 569 1128 dc
593 1056 749 1130 omnihus
775 1058 858 1131 haec
882 1059 966 1132 ratio
990 1061 1196 1151 custoditur,
1216 1081 1253 1137 ut

148 1196 356 1270 quocumque
368 1171 500 1245 uiuente
517 1171 588 1244 uiro
604 1171 699 1244 alteri
714 1173 881 1271 nupserit,
899 1172 1062 1247 hahentur
1078 1175 1247 1266 adultera,

145 1310 201 1358 nec
217 1287 248 1360 ei
271 1285 427 1383 agendae
445 1287 666 1385 poenitentiae
684 1286 817 1361 licentia
835 1287 1050 1376 concedatur,
1072 1291 1139 1364 nisi
1163 1318 1251 1367 unus

145 1427 176 1472 ex
200 1402 252 1474 eis
269 1401 452 1474 dehinctus
470 1401 584 1475 luerit:
605 1404 853 1502 quantomagis
874 1404 917 1476 de
939 1403 997 1476 illa
1020 1406 1163 1480 tenenda
1179 1423 1248 1498 est,

145 1543 223 1615 quae
242 1533 325 1590 ante
348 1515 528 1600 immortali,
551 1544 589 1590 se
610 1543 735 1616 sponso
759 1520 998 1605 coniunxerat,
1019 1538 1184 1619 etpostea
1208 1520 1251 1596 ad

146 1629 308 1706 humanas
333 1631 472 1729 nuptias
498 1633 747 1729 transmigravit
768 1632 901 1730 (illlis
930 1633 1102 1735 idipsum
1126 1637 1252 1710 consti-

146 1747 199 1818 uit
213 1773 314 1819 conc.
336 1744 603 1821 chalcedonense
620 1774 695 1821 can.
710 1748 793 1820 xvi.
815 1748 869 1822 his
887 1748 1017 1836 verbis;
1042 1750 1250 1825 «sancimus

145 1861 440 1960 uirginem‚·quae
468 1888 505 1936 se
534 1863 605 1936 Deo
632 1863 863 1947 consecravit,
892 1863 1047 1935 similiter
1061 1881 1109 1948 ,et
1135 1891 1251 1952 mona,-

146 1975 260 2063 chnm,
284 2000 355 2049 non
375 1975 476 2050 licere
500 1977 663 2076 nuptialia
686 1978 989 2056 iuracontrahere.
1013 1978 1109 2064 Quod
1132 1978 1162 2063 si
1178 1977 1250 2067 ¹hoc

148 2089 265 2163 inuenti
291 2090 420 2163 luerim
444 2109 690 2192 perpetrantes,
719 2094 1059 2168 excommunicentur.
1086 2093 1250 2171 confiteri

146 2202 239 2291 iihus¹
253 2224 369 2279 autem
395 2207 621 2295 decrevimus,
643 2226 682 2280 ut
702 2208 824 2281 habeat
844 2209 1072 2283 auctoritatem
1097 2208 1249 2294 eiusdem

146 2318 200 2395 loci
227 2322 415 2421 episcopus
445 2320 708 2396 misericordiam
738 2323 812 2412 eis,
847 2322 1153 2425 humanitatemque
1184 2323 1251 2398 lan

144 2432 208 2530 giri‘
219 2436 297 2531 (63)
313 2464 357 2521 ,n
381 2450 415 2508 et
432 2461 506 2509 can.
527 2436 593 2507 XV.
614 2436 657 2508 de
672 2436 864 2512 diaconissa
881 2437 948 2509 iam
967 2453 1139 2527 sanxerat,
1160 2438 1250 2540 quod

147 2549 200 2624 «si
227 2548 431 2650 aliquandiu
455 2552 613 2651 temporis
632 2551 666 2623 in
687 2552 872 2625 ministerio
890 2578 1110 2652 permanens,
1129 2571 1249 2629 semet·

144 2665 245 2766 ipsam
275 2666 391 2740 tradat
415 2667 568 2767 nuptiis,
596 2668 722 2765 gratiae
747 2668 807 2740 Dei
833 2669 1068 2755 contumeliam
1098 2669 1227 2757 iaciens
1237 2704 1248 2760 ·‚

144 2780 440 2854 anathematizetur
465 2779 658 2854 huiusmodi
684 2809 758 2855 cum
788 2807 852 2870 eo,
886 2785 944 2884 qui
976 2783 1084 2859 eidem
1114 2783 1250 2887 copula·

146 2909 190 2967 iur
208 2896 343 2992 (64).»
1212 2952 1228 2983 η

176 3096 179 3100 Α
208 3011 360 3085 llursum
387 3011 603 3086 lnnocentius
630 3013 657 3084 l.
683 3013 717 3083 in
740 3013 839 3112 epist.
864 3011 908 3105 ad
933 3012 1077 3086 Probum
1108 3010 1252 3110 impedi-
1356 3011 1358 3013 ’

147 3144 292 3200 uentum
319 3125 491 3225 ligaminis
517 3128 570 3200 sin
590 3128 702 3202 minus
729 3129 891 3216 instituit,
919 3129 1000 3228 quia
1025 3129 1136 3227 ipsum
1167 3126 1252 3198 iuris

147 3239 243 3315 lirini
270 3259 345 3329 est,
373 3242 491 3316 saltem
516 3242 663 3343 applicat
680 3244 722 3317 ad
749 3243 950 3343 peculiarem
976 3266 1090 3317 casum
1112 3241 1155 3314 de
1183 3266 1250 3341 quo

147 3356 322 3455 agebatur,
343 3357 485 3460 eiusque
503 3358 570 3433 vim
594 3359 741 3434 declarat
760 3359 828 3432 illis
853 3357 984 3432 verbis:
1009 3355 1245 3445 «statuimus,

148 3467 205 3546 lde
233 3470 403 3547 catholica
431 3472 665 3572 suffragante,
699 3472 781 3546 illud
807 3499 883 3548 esse
907 3472 1125 3571 coniugium,
1158 3471 1249 3574 quod

149 3587 299 3682 primitus
325 3603 397 3661 erat
421 3587 528 3685 gratia
553 3588 667 3663 diuina
693 3588 886 3676 fundatum,
917 3604 1181 3690 conventumque
1197 3613 1250 3662 se-

206 3840 259 3902 (02)
274 3839 353 3902 aput.
367 3838 440 3890 iisd
452 3839 595 3891 victricium
605 3843 805 3905 Rotomagensern
815 3845 931 3907 capnt.
940 3842 1248 3907 sputamentorum.

152 3914 183 3966 tit
200 3919 359 3982 munima
372 3921 398 3970 et
412 3919 609 3972 meluetahitihtu
624 3920 776 3972 documentis
791 3921 1127 3974 ductisaeono.ioletau01.
1141 3933 1196 3972 ean.
1212 3929 1249 3974 tt.

152 3995 308 4048 amu.
321 4010 376 4047 can.
384 3998 559 4050 coarctatam
568 4001 661 4050 ilcan.
671 4007 710 4051 52.
723 4000 883 4052 aurelianensi
890 4003 921 4051 V.
932 4013 988 4052 can.
1002 4007 1038 4057 te·
1048 4000 1221 4053 matisconensi
1230 4005 1249 4054 t.

154 4085 197 4127 u.
210 4083 248 4128 ιι.
262 4076 295 4128 ci.
309 4077 391 4129 editor
405 4077 514 4129 ostendit
528 4080 697 4132 insonantium
710 4080 741 4132 de
754 4094 812 4133 vera
826 4080 932 4146 coniugii
944 4079 1105 4134 ueniamus
1118 4080 1250 4146 disserere,

155 4154 217 4218 tuae
231 4155 325 4207 idcireo
338 4157 370 4208 de
385 4157 515 4210 dirimente
529 4158 715 4224 impedimento,
727 4159 793 4224 quod
808 4161 861 4225 ipse
875 4157 1011 4211 eonstitait.

207 4239 257 4299 (tt)
271 4237 393 4291 min.
409 4241 477 4292 Acta
491 4240 585 4292 concii.
599 4242 702 4293 ternu.
717 4242 764 4294 coi.
779 4247 833 4294 toi.

209 4317 257 4382 (tt)
273 4317 336 4369 thid.
