2804 5062
142 336 225 416 tts:
312 383 314 387 ‚
339 359 401 416 urs.
422 357 565 416 suasor.
585 362 717 416 rursm.
730 363 780 415 ¹vrrs
798 361 922 416 rorssr.
942 361 1055 418 crvrsr.

140 479 189 559 sit
208 482 263 560 rel
287 509 308 558 a
334 499 473 571 natura,
500 482 591 558 civili
616 480 690 581 lege
715 481 805 556 idem
831 498 1113 581 recognoscente,
1139 475 1247 558 veleb

142 595 317 701 ipsaslegs
342 598 452 687 civili,
481 624 569 699 quae
594 596 667 672 sola
692 614 802 698 potest
825 598 972 700 positiva
993 599 1133 675 ratione
1157 600 1259 701 inps·

143 714 293 789 dimenta
318 714 512 789 huiusmodi
536 715 751 789 constituere.

214 831 252 903 Si
270 830 314 903 de
331 827 513 927 coniugum
531 829 744 928 separatione
761 825 891 926 agitur,
911 845 994 902 tune
1011 826 1049 902 in
1073 845 1253 905 controver-

142 944 231 1020 siam
243 945 386 1021 veniunt
399 943 521 1018 solutio
533 944 659 1019 vinculi
674 970 715 1019 ac
727 944 896 1046 separatio
907 942 1157 1035 habitationis,
1176 971 1254 1046 quae

143 1060 258 1136 omnia
282 1086 302 1134 a
328 1058 401 1158 lege
426 1059 517 1135 civili
542 1060 674 1134 sancita
699 1076 790 1135 sunt.
815 1117 817 1121 ψ

216 1175 255 1248 ln
280 1173 375 1250 bisce
398 1175 558 1250 omnibus
583 1177 695 1273 agitur
718 1192 777 1251 aut
796 1175 844 1251 do
867 1170 1066 1275 obligandis
1091 1178 1127 1251 vi
1146 1177 1257 1261 ,omniu-

142 1290 243 1388 gibus
259 1306 298 1363 ut
314 1289 525 1378 cohabitent,
545 1307 605 1365 aut
621 1290 664 1364 dc
681 1291 804 1365 iisdem
822 1292 863 1365 ad
883 1293 1138 1392 separationem
1152 1318 1257 1392 cogen-

141 1404 217 1494 dis,
237 1420 294 1511 aut
310 1405 352 1478 de
370 1403 581 1511 separatione
598 1403 748 1482 alterutri
767 1406 1001 1495 concedenda,
1019 1406 1129 1481 altero
1147 1408 1253 1482 invito.

216 1518 365 1595 Tandem
390 1518 435 1593 ab
459 1513 515 1593 bis
540 1519 654 1593 causis
680 1521 870 1623 dependent
894 1521 1037 1596 ellectus
1063 1521 1197 1598 civiles.

214 1634 381 1709 Nimirum
399 1634 509 1732 agitur
524 1634 567 1708 de
584 1634 735 1711 coactiva
752 1634 946 1710 executione
964 1635 1082 1736 legum
1098 1633 1253 1713 civilium.

216 1748 317 1851 Atqui
344 1749 494 1825 civilium
519 1749 632 1848 legum
650 1778 747 1827 nemo
766 1768 875 1851 potest
891 1752 1127 1828 executionem
1149 1778 1258 1852 urgere

144 1874 282 1966 praetor
304 1892 409 1939 unum
435 1863 535 1940 civile
558 1865 725 1964 regimen,
745 1867 837 1968 quod
862 1886 920 1969 eas
945 1866 1127 1942 constituit
1149 1883 1183 1941 et
1198 1893 1260 1942 ser·

146 1996 215 2055 vat.
238 1981 420 2081 Imperium
447 2007 513 2055 non
537 1981 686 2080 amplius
705 1981 791 2057 foret
814 2008 934 2070 unum,
958 2009 1182 2084 supremum,
1202 1982 1261 2084 ple·
1296 2039 1297 2042 ,

144 2119 246 2184 num,
267 2093 494 2184 indivisibile,
515 2097 544 2171 si
564 2095 599 2167 in
617 2097 812 2172 executione
832 2096 944 2195 legum
971 2122 1114 2171 suarum
1134 2097 1179 2171 ab
1200 2097 1260 2171 aliu

144 2210 305 2286 societate
330 2211 478 2312 pendere
502 2208 652 2285 deberet.
674 2211 812 2286 Accedit
836 2211 928 2312 quod
944 2213 1103 2286 executio
1119 2213 1262 2288 coactiva

148 2343 224 2401 esse
248 2341 395 2425 nequeat
419 2325 589 2424 negotium
615 2325 657 2399 ad
683 2325 861 2399 ecclesiam
886 2341 1061 2425 spectans.

164 2456 169 2488 ³
220 2428 272 2515 Ab
296 2439 357 2528 iis,
387 2441 446 2540 qui
471 2440 594 2515 vellent
619 2440 738 2514 harum
756 2467 934 2514 causarum
953 2441 1121 2516 iudicium
1146 2457 1262 2542 pertra-

147 2555 228 2629 here
242 2555 288 2628 sd
307 2554 415 2628 lorum
433 2542 718 2643 ecclesiasticum,
744 2556 908 2653 allegatur
926 2573 1191 2630 sacramentum.
1208 2557 1262 2631 Ast

144 2684 392 2743 sacramentum
427 2697 494 2743 non
530 2670 633 2743 alium
663 2686 795 2769 praeter
827 2671 1005 2768 coniugum
1039 2672 1187 2769 gratiam
1220 2671 1262 2743 el·

146 2784 267 2857 sectum
286 2784 451 2882 producit.
470 2785 637 2871 Quoniam
662 2811 741 2858 vero
767 2786 933 2859 eiusmodi
960 2787 1071 2883 gratia
1098 2815 1168 2862 non
1193 2812 1265 2862 con

147 2899 251 2973 fertur
269 2925 290 2971 a
308 2900 509 2997 coniugibus
536 2901 699 2989 invicem,
727 2901 788 2975 sed
814 2902 948 3001 utrique
974 2929 994 2974 a
1019 2903 1113 2991 Deo,
1135 2905 1180 2976 de
1205 2903 1261 2976 bac

147 3014 242 3087 nulls
254 3031 406 3087 movetur
419 3015 473 3088 lis.
492 3017 580 3112 Ergo
593 3015 702 3088 locum
717 3015 793 3089 heic
807 3044 872 3090 non
887 3016 988 3090 habet
1001 3036 1258 3093 sacramentum.

220 3130 419 3228 Consurgitur
443 3131 568 3230 pariter
584 3131 627 3202 sd
645 3130 993 3219 indissolubilitatem;
1014 3157 1135 3206 verum
1153 3150 1188 3207 et
1207 3133 1262 3207 hoc

148 3247 292 3336 lrustra3
327 3247 496 3348 siquidem
527 3245 809 3320 indissolubilitas
835 3275 855 3320 a
885 3248 1030 3320 naturali
1067 3250 1167 3346 prius
1198 3249 1263 3347 lege

147 3362 293 3461 expetita
319 3361 470 3434 sancitur
495 3389 515 3434 a
541 3361 673 3458 legibus
699 3361 877 3447 civilibus,
911 3378 1012 3461 etque
1043 3363 1190 3438 ellectus
1219 3381 1264 3437 est

147 3476 258 3550 civilis
277 3475 436 3574 coniugii.
460 3476 565 3573 lgitur
582 3476 674 3550 illius
693 3476 794 3548 etiam
812 3478 965 3551 executio
982 3476 1026 3550 ad
1045 3478 1159 3553 sorum
1173 3478 1263 3554 civile

147 3608 289 3694 spectat.

219 3709 386 3782 Adiicitur
412 3725 602 3807 praeterea,
631 3709 721 3808 quod
752 3709 872 3782 debeat
901 3708 1046 3783 ecclesia
1079 3738 1117 3785 se
1148 3713 1184 3784 in
1215 3710 1263 3782 his

147 3822 336 3897 immiscere
361 3823 404 3897 ob
429 3824 656 3898 conscientiae
682 3823 919 3920 obligationem
945 3851 984 3896 ex
1011 3851 1081 3924 qua
1105 3828 1260 3924 coniuges

146 3933 340 4013 cohabitare
357 3930 498 4028 debent,
520 3967 629 4040 neque
647 3970 684 4016 se
704 3966 861 4039 separare
880 3941 933 4014 vel
954 3940 1151 4015 sola-etiam
1176 3942 1262 4015 hahi-

146 4053 271 4127 tetione
296 4072 455 4153 possunt,
485 4057 616 4156 absque
632 4057 724 4154 gravi
743 4082 857 4130 causa.
880 4060 929 4130 lta
948 4054 1063 4156 plane3
1085 4083 1204 4131 verum
1232 4058 1262 4128 in

148 4167 239 4241 bunc
264 4169 365 4242 finem
392 4170 494 4246 habet
511 4170 656 4246 ecelesia
674 4171 782 4245 lorum
801 4171 986 4258 internum,
1011 4171 1123 4246 lorum
1148 4197 1263 4273 nempe

148 4285 398 4383 poenitentiale.
