2804 5062
148 364 217 439 stt
340 384 402 437 ur.
423 383 459 437 ιι.
480 384 567 437 sacr.
588 382 717 435 murat.
739 380 780 433 rr
806 378 1066 433 consororum.

145 504 439 583 derecdereutur.
460 503 590 578 lleiude
607 528 705 592 vero,
725 517 763 578 ut
779 499 934 577 adstruat
956 525 1109 576 canones
1133 499 1251 601 legibus

147 625 385 726 imperatorum
407 646 450 727 se
471 620 702 696 conformasse
727 618 765 692 in
789 616 981 694 statuendis
1011 616 1254 719 impedimentis

145 735 423 825 connubialibus,
447 750 604 835 provocat
619 733 666 808 ud
682 758 829 808 canones
854 731 1077 808 conciliorum
1102 732 1255 832 agathen-

147 853 216 943 sis,
245 850 467 954 apamensis,
487 849 702 955 avernensis,
722 848 917 923 turonensis
942 863 976 922 et
999 846 1253 924 aurelianensis.

146 967 350 1068 Singillatim
375 965 501 1040 idcirco
526 981 560 1041 et
583 966 669 1039 hacc
693 964 903 1039 excutiamus
932 978 1078 1065 oportet.

221 1084 294 1156 «ln
318 1107 488 1184 ancyrano
513 1081 677 1170 concilio,
704 1080 841 1180 inquit,
868 1078 1015 1179 legimus
1042 1079 1181 1156 lucinus
1209 1106 1257 1156 eu·

146 1188 297 1284 medam,
318 1196 378 1297 qui
397 1221 543 1298 sponsae
564 1194 721 1297 propriae
740 1219 888 1269 sororem
912 1193 1121 1283 violaverat,
1141 1221 1185 1269 ex
1200 1220 1257 1296 quo

145 1311 247 1385 etiam
269 1311 329 1386 illa
353 1325 552 1411 conceperat
576 1308 712 1410 sibique
734 1323 854 1410 postea
878 1333 995 1383 necem
1019 1308 1196 1385 intulerat.
1217 1308 1257 1382 lbi

146 1441 258 1501 tamen
276 1426 361 1500 nihil
379 1426 544 1501 babemus
557 1425 743 1501 dedaleum
759 1424 962 1500 matrimonii
979 1450 1021 1498 eu
1039 1424 1102 1500 tali
1121 1426 1254 1502 incestu.

145 1532 261 1616 Solum
286 1541 330 1616 ad
356 1542 595 1643 poenitentiam
615 1541 664 1615 illi
687 1541 885 1640 rediguntur
908 1539 968 1643 qui
991 1539 1075 1616 tulis
1105 1540 1278 1617 facinoris.

146 1656 279 1731 luerunt
303 1657 454 1745 conscii,
482 1673 516 1731 et
540 1655 712 1731 adiutores
740 1659 840 1754 (9).»
862 1655 935 1730 lloo
960 1655 1104 1756 quidem
1129 1656 1257 1732 variati·

145 1798 238 1847 mum
255 1788 323 1863 est,
344 1798 420 1848 cum
438 1772 572 1848 concilii
590 1797 715 1873 scopus
733 1796 801 1848 uon
818 1770 918 1846 luerit
935 1770 1112 1872 inquirere
1130 1772 1167 1845 in
1184 1798 1255 1874 qua·

145 1886 273 1962 litatem
290 1887 427 1977 delicti,
449 1888 510 1963 sed
528 1887 646 1989 poenis
660 1886 804 1988 plectere
821 1886 914 1963 illius
931 1886 1096 1963 facinoris
1113 1887 1256 1964 massis

145 2018 180 2078 et
199 2020 443 2106 cooperatores.
460 2004 523 2080 Ast
542 2030 584 2079 er
605 2003 670 2080 hoo
688 2003 824 2079 silentio
845 2002 961 2077 inferri
981 2004 1106 2106 nequit
1124 2031 1191 2080 non
1208 2030 1255 2106 po

145 2119 252 2195 tuisse
291 2110 471 2196 concilium
506 2121 711 2196 constituere
743 2120 1019 2221 impedimentum
1054 2121 1252 2221 nuptiarum.

144 2234 235 2309 Saue
254 2259 330 2310 cun.
346 2237 388 2309 X.
410 2236 591 2311 concilium
612 2236 742 2310 sanxit:
765 2235 1024 2336 «Desponsatus
1051 2235 1209 2336 puellas,
1229 2228 1254 2311 at

144 2367 224 2451 post
247 2350 290 2425 ab
311 2350 391 2427 aliis
412 2369 543 2453 raptas,
563 2351 691 2455 placuit
711 2351 783 2427 erui
804 2366 838 2426 st
857 2350 900 2425 iis
921 2349 1041 2439 reddi,
1063 2351 1194 2453 quibus
1210 2378 1254 2428 aa

144 2480 198 2540 tea
222 2466 355 2541 luerent
379 2467 625 2569 desponsatae,
651 2467 783 2542 etiamsi
805 2466 855 2541 eis
878 2464 1116 2566 emptoribus
1136 2469 1204 2543 vim
1222 2465 1254 2539 il·

145 2579 247 2655 latum
261 2583 447 2657 constiterit
464 2587 495 2679 (1
503 2586 537 2680 θ)
546 2642 552 2654 .
561 2614 578 2652 s
588 2583 696 2671 Quam
713 2607 875 2656 canonem
889 2606 952 2655 nos
966 2607 1074 2682 supra
1087 2580 1254 2685 descripsi·

144 2722 221 2771 mus
246 2696 290 2770 ad
315 2699 557 2773 ostendendam
589 2699 796 2773 decisionem
831 2697 933 2772 latum
959 2697 1004 2771 ab
1030 2697 1100 2773 hoc
1124 2698 1254 2775 concilio

146 2811 181 2882 in
209 2836 312 2885 causa
337 2813 687 2908 matrimoniali;vcx
707 2813 836 2912 placuit
861 2811 998 2886 denotat
1032 2815 1252 2890 auctoritatem

145 2926 316 3026 propriam
343 2927 570 3004 iurisdioentis
595 2930 629 3002 in
655 2930 797 3004 decretis
824 2928 910 3002 suis.

223 3044 539 3119 «Neocaesariense
561 3046 758 3133 concilium,
781 3047 997 3147 prosequitur
1013 3046 1111 3147 ipse,
1132 3070 1253 3148 gravem

145 3160 384 3259 poenitentiam
403 3160 521 3235 indicit
541 3161 694 3250 mulieri,
712 3188 801 3262 quac
817 3161 949 3237 duobus
963 3160 1127 3238 iratribus
1141 3186 1253 3264 nupse

145 3275 204 3363 rit,
225 3293 258 3350 et
274 3277 434 3377 supponit
451 3277 517 3351 hoc
537 3280 604 3350 iam
624 3302 700 3351 esse
720 3276 893 3364 illicitum3
920 3302 985 3351 non
1008 3294 1125 3352 tamen
1154 3280 1251 3381 ipsum

144 3392 324 3466 concilium
348 3393 415 3469 hoc
439 3410 508 3467 tum
535 3393 682 3493 primum
708 3393 863 3494 prohibet
888 3395 1002 3490 (11).»
1025 3394 1125 3470 luxta
1142 3394 1187 3470 de
1202 3395 1253 3468 Do·

144 3508 246 3582 minis
271 3508 450 3583 concilium
477 3509 640 3609 supponit
663 3509 727 3584 hcc
753 3509 821 3582 iam
850 3534 927 3582 esse
958 3508 1151 3598 illicitum;
1187 3531 1252 3607 ergo

143 3622 267 3697 lactum
286 3650 328 3699 ne
346 3626 409 3701 luit
426 3625 581 3699 illicitum
599 3623 643 3698 ob
661 3624 752 3723 leges
774 3624 979 3712 Caesarum,
1004 3651 1097 3725 quae
1115 3624 1251 3700 nondum

142 3738 331 3814 existebant
347 3742 377 3837 (l
386 3743 436 3836 2),
453 3767 515 3814 neo
536 3739 602 3815 nisi
623 3754 699 3839 post
720 3738 852 3839 aliquot
873 3738 1010 3813 saecula
1036 3733 1252 3839 prodierunt?

215 3943 392 4086 libidimis.
402 4025 513 4089 Dlonysll
529 4026 634 4090 Erigul,
649 4026 715 4091 apud
731 4025 842 4077 nardulo
853 4028 919 4077 Actu
931 4024 1027 4079 contu.
1036 4026 1100 4078 tom.
1114 4027 1192 4079 leot.
1204 4029 1247 4078 rtt.

215 4104 267 4246 llll
283 4104 356 4242 {gib
379 4185 448 4236 nulla
463 4186 544 4236 adbuc
561 4188 640 4237 adole
655 4186 700 4237 itta
716 4187 897 4250 promanaverit
912 4186 1035 4238 eiusmodi
1050 4186 1110 4250 lex,
1126 4200 1190 4251 quac
1203 4185 1264 4237 talis'

142 4260 258 4326 coniugia
269 4265 375 4325 vomet,
388 4267 492 4328 patetcv
502 4265 554 4329 tege
566 4269 589 4317 t.
602 4273 624 4320 t.
638 4268 691 4318 Nor
705 4268 795 4332 troque
810 4266 839 4318 tt.
852 4269 889 4318 Dc
902 4264 989 4331 crud,
998 4279 1136 4332 omnesque
1151 4266 1209 4319 tuns
1222 4265 1248 4315 in·

142 4344 260 4407 terpretcs
275 4356 325 4396 uno
340 4357 384 4396 oro
400 4344 514 4396 luuntur.
