2804 5062
37 364 42 395 '
148 381 219 454 484
380 400 1004 455 nu.11.sncr.r.ocrornsr.necnec.
1080 428 1101 435 -·

146 520 407 608 matrimonium,
434 545 636 595 consensum
665 518 942 594 matrimonialem
968 542 1087 592 coram
1116 517 1248 620 parocho

146 661 330 724 renovare,
360 651 418 709 aut
447 635 558 735 potius
582 659 686 736 pars,
719 659 807 735 quae
832 632 1034 708 catholicam
1061 630 1250 732 religionem

145 751 298 853 amplexa
323 767 394 839 est,
424 751 513 824 circa
542 749 751 824 validitatem
777 749 979 823 matrimonii
1004 749 1041 821 in
1066 748 1161 824 bona
1193 749 1251 823 lide
1278 838 1279 843 Ἰ

139 884 199 941 est
219 864 465 966 relinquenda?
484 896 502 936 a
518 866 669 965 Cumque
685 865 908 962 interrogatus
929 863 1053 938 luisset
1076 864 1253 964 episcopus

145 981 236 1055 circa
259 980 474 1081 particularia
498 981 662 1082 propositi
687 1005 788 1055 casus
811 978 991 1067 adiuncta,
1011 976 1254 1080 responditap

144 1096 256 1196 posito
279 1096 420 1196 scripto;
441 1120 517 1170 cum
540 1095 747 1195 publicatum
764 1095 828 1168 fuit
844 1094 1015 1168 decretum
1039 1093 1252 1170 tridentinum

144 1209 235 1283 circa
250 1208 483 1284 necessitatem
500 1210 710 1310 praescntiae
727 1208 853 1308 proprii
870 1207 1009 1308 parochi
1025 1207 1071 1280 ad
1089 1208 1252 1282 matrimo-

144 1323 194 1397 nii
219 1322 385 1412 valorem,
409 1339 632 1424 protestantes
659 1325 693 1396 in
719 1323 779 1396 illa
803 1322 949 1396 dioecesi
973 1347 1097 1420 magno
1124 1345 1252 1396 numero

145 1437 278 1526 luisse,
306 1437 567 1539 distinctumque
590 1439 806 1513 constituisse
825 1437 1019 1512 societatem
1047 1436 1248 1535 religiosam,

146 1580 234 1655 quae
259 1580 341 1628 suas
368 1553 515 1628 habebat
537 1555 734 1643 conciones,
763 1579 843 1628 suos
868 1553 1063 1642 ministros,
1092 1575 1250 1652 suumque

146 1670 297 1758 cultum3
325 1695 366 1742 ex
391 1669 445 1744 his
477 1670 641 1744 inferebat
667 1670 837 1744 decretum
869 1667 1090 1742 tridentinum
1117 1665 1249 1769 spectari

145 1810 249 1885 posse
279 1802 450 1885 tamquam
477 1810 544 1859 non
570 1786 652 1860 satis
675 1784 949 1884 promulgatum,
976 1808 1016 1857 eo
1040 1782 1096 1857 vel
1123 1783 1244 1880 magia,

146 1900 236 2000 quod
263 1916 372 1974 aetate
396 1900 454 1973 illa
479 1900 636 1974 haeretici
662 1925 766 1999 saepo
784 1900 820 1971 in
839 1897 928 1972 bello
953 1897 1123 1973 adversus
1147 1896 1248 1972 catho-

145 2014 231 2090 licos
256 2032 480 2090 versarentur.
498 2016 630 2089 Adiecit
652 2031 845 2114 praeterea,
872 2014 962 2114 quod
988 2013 1149 2114 quamvis
1170 2033 1247 2084 nunc

147 2128 247 2202 valde
264 2129 461 2203 imminutus
478 2129 522 2204 sit
543 2130 577 2200 in
600 2155 662 2202 sua
683 2128 830 2203 dioecesi
855 2127 1117 2228 protestantium
1144 2148 1246 2200 nunc·

148 2269 229 2330 rus,
250 2258 395 2317 attamen
417 2269 520 2345 supra
548 2244 685 2340 triginta
709 2243 820 2316 adhuc
844 2241 953 2315 millia
977 2239 1205 2341 reperiantur;
1222 2251 1249 2310 ct

144 2355 225 2430 licet
248 2383 352 2458 saepe
375 2360 547 2457 contingat
569 2358 687 2432 ambos
709 2359 867 2456 coniuges
892 2357 928 2429 in
948 2356 1064 2431 sinum
1086 2352 1248 2454 religionis

144 2472 330 2547 catholicae
348 2500 386 2548 se
403 2475 574 2574 recipere,
594 2474 816 2547 nihilominus
840 2472 1006 2547 interdum
1030 2471 1173 2546 alteram
1189 2487 1249 2543 tan·

144 2599 215 2656 tum
246 2604 374 2684 partem
399 2588 599 2662 catholicam
630 2587 824 2684 religionem
850 2586 1019 2686 profiteri,
1050 2585 1134 2658 dum
1160 2585 1249 2658 altera

146 2696 183 2768 in
205 2700 343 2797 propria
366 2715 456 2773 secta
481 2702 593 2774 adhuc
618 2717 812 2800 permanet:
841 2701 878 2772 in
905 2716 1050 2798 utroque
1074 2725 1157 2773 vero
1180 2720 1249 2772 casu

146 2836 247 2907 aegre
272 2813 430 2908 coniuges
458 2814 571 2887 induci
597 2815 640 2887 ad
666 2815 892 2889 renovandum
917 2838 1124 2886 eonsensum
1150 2835 1247 2887 coram

144 2926 312 3025 parocho,
346 2952 421 2999 cum
448 2928 512 3001 hoe
537 2930 735 3027 implicitam
762 2929 1007 3003 consessionem
1032 2927 1202 3013 includat,
1219 2949 1249 2998 se

144 3041 309 3115 hactenus
328 3043 362 3114 in
380 3043 604 3117 concubinatu
626 3046 765 3119 vixisse.
783 3046 993 3143 Responsum
1015 3069 1117 3141 porro
1144 3058 1194 3117 ast
1214 3037 1248 3114 ad

143 3157 353 3257 propositum
379 3157 519 3231 dubium
537 3187 558 3232 a
575 3186 644 3232 sac.
662 3159 916 3257 congregatione
942 3183 1123 3257 supremae
1150 3154 1247 3257 inqui-

143 3271 277 3345 sitionis
303 3273 360 3345 die
379 3277 413 3345 8.
431 3273 507 3348 lulii
527 3277 659 3345 1848.»
677 3275 814 3347 Praevio
840 3300 975 3347 recessu
999 3298 1021 3346 a
1042 3273 1171 3349 decisis
1197 3267 1248 3345 sub

142 3386 226 3459 seria
252 3388 303 3459 tv.
327 3391 385 3459 14.
409 3391 541 3463 lanuar.
561 3392 668 3461 1846.
685 3389 936 3462 Consulendum
961 3414 1009 3462 ss.
1032 3414 1095 3486 pro
1122 3411 1247 3490 respon·

143 3500 239 3573 sione
272 3502 448 3599 dirigenda
480 3504 638 3603 episcopo
663 3502 843 3577 vivariensi
871 3503 962 3575 iuxta
994 3517 1144 3576 mentem
1170 3515 1248 3602 pato

143 3615 264 3689 factam
294 3642 349 3688 an.
376 3621 482 3690 1737.
509 3620 543 3690 in
569 3646 672 3692 causa
699 3620 827 3717 iprensi
853 3645 874 3691 a
897 3645 927 3690 s.
950 3643 1066 3714 congr.
1096 3615 1246 3698 concilii,

142 3757 264 3831 nempe
289 3732 448 3831 coniuges
474 3735 516 3807 de
540 3734 713 3808 validitate
737 3733 938 3806 matrimonii
957 3759 1023 3806 non
1042 3732 1247 3814 dubitantes,

142 3846 178 3917 in
206 3847 296 3920 bona
328 3849 395 3922 fide
421 3876 496 3922 osse
522 3849 785 3948 relinquendos,
816 3875 923 3947 neque
953 3874 973 3919 a
999 3848 1251 3947 participatione

142 3978 428 4036 sacramentorum
459 3964 622 4037 arcendos
656 3964 736 4036 sore.
768 3963 957 4036 Pcculiares
985 3988 1066 4036 vero
1096 3988 1200 4037 casus
1227 3973 1256 4032 et

86 4072 89 4077 ’
145 4072 413 4150 circumstantias
438 4103 571 4164 eorum,
596 4078 653 4176 qui
682 4076 851 4176 scrupulis
870 4102 971 4177 super
988 4101 1128 4149 suorum
1146 4077 1256 4151 matri·

144 4189 332 4262 moniorum
349 4191 520 4266 validitate
533 4208 721 4289 anguntur,
739 4210 890 4290 oportere
905 4192 947 4264 ah
961 4191 1081 4264 codem
1100 4192 1259 4293 episcopo

145 4301 301 4379 distincte
318 4308 475 4407 exponi.»
493 4308 584 4382 Haec
601 4325 711 4382 autem
731 4307 890 4383 resolutio
907 4308 950 4383 ab
969 4306 1037 4382 alia
1063 4308 1260 4409 particulari
