2804 5062
143 337 213 413 toi
335 358 453 412 ι11.1ι
474 356 561 411 sacr.
582 357 713 410 urm.
733 356 774 408 nr
799 355 926 409 rorssr.
946 355 1059 410 civim

142 478 233 581 quod
257 477 343 555 tales
368 479 404 552 in
428 477 561 580 imperii
584 475 720 576 fastigio
743 474 959 552 collocaverit
978 477 1046 550 «in
1064 475 1193 579 quibus
1213 476 1248 565 ad

142 597 246 672 totius
268 595 388 671 mundi
413 595 555 672 saluum
578 610 612 669 et
634 593 730 693 rogia
754 609 904 695 potestas
924 608 960 669 ot
977 593 1194 669 scoerdotolt’s
1208 618 1251 670 os

140 727 229 812 paret
248 712 590 808 industrio(11),»et
606 709 689 784 alibi
705 709 906 810 episcopum
922 709 1251 811 constantinopolita

141 853 223 901 num
243 827 457 916 adhortatur,
472 843 510 900 ut
521 825 676 902 observet
696 823 946 924 religiosissimi
971 825 1251 927 principisslloc

141 941 251 1017 solum
278 941 429 1040 regiam,
457 941 518 1015 sed
543 957 576 1015 et
600 939 833 1015 socerdotalem
857 942 963 1040 ipsius
986 957 1129 1016 mettum
1145 942 1247 1039 (ll).i

142 1057 361 1132 Commendat
377 1058 412 1130 in
430 1057 631 1157 imperatore
653 1056 887 1131 socerdotalem
906 1072 938 1131 ct
958 1058 1177 1157 apostolicum
1191 1058 1250 1131 coi

141 1199 230 1246 mum
243 1171 478 1270 (ts).iixtoliit
489 1172 524 1246 in
537 1172 642 1247 altero
653 1172 885 1247 socerdotalem
895 1172 1160 1248 sollicitudiuem
1169 1172 1246 1270 (ll),

142 1313 204 1362 nec
217 1286 323 1362 solam
336 1288 463 1386 regiam
476 1303 692 1390 potestatem,
709 1287 884 1363 sedetiam
895 1287 1136 1363 socerdotalem
1145 1287 1249 1364 doctri

143 1429 222 1477 acm
237 1406 326 1501 (it).
344 1403 419 1491 Quo
435 1404 561 1505 pariter
581 1429 686 1479 sensu
710 1403 891 1479 concilium
917 1403 1248 1494 chalcedonensem

142 1519 301 1596 clamarit
322 1520 485 1594 sacerdoti
506 1522 717 1620 imperatori,
744 1546 866 1622 nempe
888 1519 1172 1619 llarciano(1ii).

215 1634 310 1722 Quae
334 1634 473 1737 quidem
497 1635 612 1710 omnia
635 1634 830 1736 complexus
859 1649 912 1711 est
935 1661 1086 1735 magnus
1108 1635 1248 1738 Aquim

142 1747 327 1825 incelebri
355 1776 458 1852 opere
483 1751 575 1853 quod
599 1750 774 1851 inscripsit
797 1751 847 1824 Dc
875 1752 1033 1851 sepimine
1061 1752 1245 1853 praepo,

142 1887 183 1939 ac
207 1864 319 1954 mira,
350 1881 388 1941 ut
412 1864 522 1955 solet,
549 1864 661 1964 logica
686 1864 888 1941 deductione
915 1865 1109 1942 concludit:
1136 1866 1248 1957 «om

142 1977 246 2078 igitur
260 1980 369 2070 ritae,
389 2007 458 2082 qua
470 1981 507 2054 in
519 1981 687 2082 praesenti
703 1979 790 2056 bene
805 1980 970 2070 visimus,
986 1980 1068 2057 finis
1085 1998 1139 2058 est
1154 1981 1248 2059 bead-

142 2092 225 2170 tudo
248 2093 427 2184 caelestis,
448 2094 492 2169 ad
510 2095 599 2194 regis
616 2095 767 2171 cilicium
787 2095 932 2195 pertinet
947 2121 990 2170 ea
1005 2096 1142 2174 ratione
1157 2098 1247 2173 1111111

140 2209 370 2287 multitudinis
397 2211 522 2286 bonnm
548 2237 748 2312 procurare,
776 2211 964 2287 secundum
985 2212 1081 2314 quod
1106 2211 1248 2314 congrrit

142 2325 187 2402 ad
210 2326 389 2403 caelestem
414 2326 657 2403 beatitudinem
682 2327 973 2429 consequendam,
1002 2344 1041 2402 ut
1067 2329 1200 2406 scilieet
1217 2354 1247 2405 ct

141 2441 350 2542 praecipiat,
379 2467 466 2542 quae
490 2442 533 2516 ad
559 2441 739 2517 caelestem
772 2441 1014 2516 beatitudinem
1044 2443 1200 2535 ducunt,
1224 2458 1247 2518 at

141 2582 254 2631 eorum
279 2558 466 2648 contraria,
495 2558 681 2632 secundum
707 2559 798 2658 quod
822 2558 924 2631 luerit
947 2559 1128 2659 possibile,
1159 2563 1246 2636 inter-

141 2670 245 2745 dicat.
269 2671 364 2759 Quae
381 2688 492 2746 autam
511 2673 556 2747 sit
573 2672 615 2746 ad
633 2699 747 2746 veram
763 2673 1006 2747 beatitudinem
1023 2675 1101 2763 via,
1123 2693 1245 2776 etquis

142 2786 212 2861 sint
236 2787 477 2887 impedimenta
502 2789 576 2863 eius
602 2816 643 2862 ex
668 2788 741 2887 lege
766 2790 882 2864 divina
905 2792 1141 2889 cognoscitur,
1168 2795 1244 2866 coiis

145 2902 294 2977 doctrina
315 2905 457 3002 pertinet
481 2905 526 2977 od
549 2904 726 2978 sacerdotis
757 2906 916 3005 officium,
953 2908 1144 2982 secundum
1175 2905 1244 2982 illud

143 3018 329 3094 Malachiae
352 3021 395 3092 ll.
419 3023 453 3093 7.
478 3020 573 3094 labio
597 3021 775 3095 sucerdotis
800 3021 981 3095 custodient
1009 3026 1201 3109 scientiam,
1223 3036 1244 3095 11

145 3137 247 3234 iopam
269 3137 435 3236 requirent
459 3163 501 3211 erc
526 3163 579 3209 ore
604 3140 684 3210 cios.
707 3137 749 3209 Et
773 3135 850 3211 ideo
867 3137 965 3211 Deut.
985 3139 1088 3210 llllll.
1112 3142 1171 3213 18.
1195 3139 1244 3212 Dc

142 3250 256 3325 minus
294 3252 494 3352 praecepit:
530 3252 710 3350 Postquam
744 3250 865 3325 sedarit
896 3278 957 3325 rec>
986 3254 1022 3324 io
1052 3255 1137 3327 solio
1167 3253 1245 3353 rapot

142 3367 199 3439 etti
222 3364 380 3440 hecates
404 3366 472 3440 siti
494 3366 777 3438 Deuteronomt‘cm
803 3367 883 3465 lepis
910 3366 1006 3438 liuius
1021 3369 1059 3439 tit
1075 3370 1238 3448 columine,

141 3481 277 3579 accipiet
295 3481 463 3580 exemplar
479 3506 501 3552 c
517 3479 680 3552 sacerdote
700 3481 823 3553 levitici
839 3480 982 3565 ordinis,
1004 3496 1036 3553 ct
1054 3481 1183 3556 babebit
1204 3508 1240 3554 sc·

141 3621 230 3681 cum,
253 3595 399 3694 lapsique
425 3594 510 3668 illud
536 3595 683 3668 omnibus
707 3594 821 3668 dicbus
847 3598 935 3668 citae
960 3622 1062 3682 socc,
1092 3614 1129 3671 ot
1151 3598 1238 3670 discut

143 3713 253 3786 timore
277 3713 453 3786 Dominum
477 3713 581 3785 Deum
604 3738 700 3784 soum
725 3727 755 3784 ct
772 3710 932 3784 custodire
949 3712 1050 3785 verbo
1067 3729 1099 3786 ct
1121 3736 1236 3786 ceretro

212 3928 263 3991 (11)
277 3929 355 3993 Epist.
372 3931 445 3980 cxv.
456 3928 489 3979 ad
502 3927 653 3980 Marcianum
667 3929 804 3991 Augustum
817 3940 840 3977 c.
851 3930 871 3977 1.
883 3926 923 3977 ed.
935 3927 1052 3979 ballerin.
1062 3928 1120 3980 coil.
1133 3934 1181 3980 tto.

213 4008 263 4069 (11)
279 4008 356 4071 Epist.
374 4010 446 4058 civ.
460 4006 492 4057 cd
505 4007 646 4058 Anatolium
662 4006 710 4056 coi.
726 4010 794 4058 itti.

214 4087 264 4147 (ts)
282 4086 358 4150 Epist.
376 4085 503 4138 01111111
516 4089 622 4137 Lococm
637 4086 739 4148 August.
749 4097 772 4134 c.
781 4087 824 4136 vi.
835 4085 883 4136 cci.
897 4092 967 4137 1111.

214 4163 264 4226 (11)
279 4166 360 4229 Epist.
377 4165 553 4217 omitted
568 4165 687 4216 Marcion.
699 4165 801 4228 August.
812 4178 835 4215 o.
847 4167 867 4215 1.
877 4165 925 4216 cci.
941 4170 1010 4218 1197.

216 4243 266 4305 (ts)
282 4244 359 4309 Epist.
376 4247 461 4296 cxvi.
474 4245 506 4295 sd
518 4244 671 4296 pulcheriam
680 4245 783 4307 August.
792 4257 814 4294 c.
828 4246 847 4296 1.
861 4245 909 4296 cci.
923 4250 990 4298 ttot.

220 4324 271 4388 (to)
284 4327 351 4378 Acta
365 4339 438 4379 conc.
451 4325 809 4379 hadmanswiler
