2804 5062
148 354 192 423 28
384 374 445 422 cn.
467 372 502 421 n.
523 370 609 423 sacr.
631 371 653 420 r.
676 371 715 419 na
741 371 865 420 rorasr.
890 370 1015 420 uacuas.

142 493 274 568 solvere
292 493 448 590 coniugia
464 490 665 579 christiana,
683 492 754 566 sive
766 489 963 564 obsistendo
980 490 1164 590 quominus
1182 491 1251 563 vin·

144 609 256 684 culum
289 607 465 706 coniugale
495 607 765 694 contraheretur,
795 607 867 680 sive
892 621 1096 681 contractum
1128 605 1252 679 dirum-

145 726 256 825 pendo
281 752 341 824 per
365 724 526 812 divortia,
551 723 643 821 quod
668 750 766 797 nemo
792 723 892 796 dicet.
918 721 1077 820 Alioquin
1099 721 1149 794 rei
1167 721 1253 795 chri·

145 841 274 915 stianae
293 840 408 913 hostes
429 840 519 912 viam
537 837 603 912 sihi
622 838 865 938 amplissimam
889 836 1128 936 patefecissent
1145 835 1190 909 ad
1207 862 1255 910 ec

140 955 282 1029 clesiam
313 953 562 1027 destruendam.
589 953 789 1043 ,hhsurdum
824 969 997 1051 praeterea
1020 967 1073 1025 est
1104 977 1255 1026 asserere

146 1085 343 1170 potestatem
361 1069 509 1169 aliquam
528 1068 699 1169 principes
720 1066 872 1141 infideles
886 1066 953 1141 sibi
964 1067 1138 1140 vindicare
1156 1093 1257 1167 posse

141 1184 180 1257 in
202 1201 448 1258 sacramentum
473 1183 635 1258 ecclesiae
656 1183 872 1257 christianae.
894 1182 985 1255 llaec
1006 1197 1117 1254 tamen
1142 1183 1256 1256 omnia

19 1402 21 1404 q
145 1299 305 1387 lluerent,
331 1300 360 1372 si
382 1299 510 1373 ratione
535 1299 667 1398 imperii
685 1324 725 1371 ac
742 1298 950 1397 principatus
972 1296 1102 1397 aliquid
1123 1297 1257 1372 efficere

146 1413 294 1487 valerent
312 1441 414 1515 super
430 1414 601 1487 vinculum
618 1413 794 1488 christiani
810 1413 1029 1500 matrimonii;
1047 1413 1257 1513 principatus

144 1529 239 1602 enim.
255 1544 374 1602 natura
391 1528 507 1602 eadem
521 1543 573 1602 est
586 1530 621 1600 in
633 1528 818 1602 christiano
836 1528 989 1626 principe
1003 1553 1042 1600 ac
1056 1528 1092 1599 in
1105 1527 1253 1602 ethnico.

220 1642 317 1727 Quod
344 1643 374 1715 si
401 1656 593 1742 spectentur
609 1659 646 1715 ut
663 1642 834 1741 principes
852 1642 1047 1730 christiani,
1071 1641 1178 1717 multo
1194 1644 1257 1714 mi-

146 1785 212 1832 nus
236 1783 276 1831 ea
297 1757 453 1831 facultate
477 1757 640 1855 gaudent3
671 1774 710 1829 ut
734 1759 824 1831 enim
850 1758 950 1858 paulo
963 1821 965 1827 .
979 1773 1057 1830 ante
1082 1757 1257 1831 adnotavi-

145 1900 239 1960 mus,
253 1900 254 1903 ’
268 1900 345 1947 cum
371 1873 541 1972 principes
566 1873 692 1946 Christi
711 1872 864 1970 religioni
883 1899 1003 1947 nomen
1019 1872 1202 1960 dederunt,-
1223 1889 1256 1947 et

145 1989 181 2061 in
199 1989 362 2062 ecclesiae
375 2005 505 2063 coetum
519 1990 662 2089 cooptati
676 2007 772 2077 sunt,
788 1989 896 2063 effecti
911 2005 989 2062 sont
1001 1987 1166 2062 ecclesiae
1178 1988 1253 2074 filii,

145 2119 248 2202 atque
265 2104 300 2174 in
317 2103 548 2203 spiritualibus
565 2105 675 2177 eidem
692 2104 819 2178 subditi
837 2111 1032 2190 evaserunt,
1054 2130 1116 2177 nec
1129 2104 1187 2177 ‘ius
1205 2103 1256 2176 ul·

145 2217 214 2291 lum
229 2219 263 2290 in
278 2244 374 2292 saera
390 2246 431 2292 ex
448 2245 561 2293 eorum
579 2220 796 2293 conversione
813 2238 892 2292 sunt
909 2219 1034 2317 adepti.
1048 2217 1159 2304 Quum
1176 2245 1255 2294 vero

146 2334 203 2408 hic
233 2351 353 2433 agatur
376 2334 418 2408 de
445 2361 621 2421 rossem,
651 2334 840 2408 cuiusmodi
867 2351 919 2408 est
938 2334 1109 2407 vinculum
1139 2361 1259 2434 parpe-

146 2465 239 2522 tuum
257 2477 298 2524 ex
316 2466 523 2525 sacramento
540 2451 754 2550 proveniens,
770 2466 860 2551 patet
874 2451 926 2525 ius
944 2449 1075 2524 nullum
1092 2451 1127 2522 in
1144 2449 1257 2551 ipsum

147 2566 370 2665 acquisivisse
394 2567 584 2667 principes,
612 2574 680 2666 quo
705 2584 803 2640 antea
829 2567 979 2640 destituti
1000 2582 1106 2639 erant.

168 2690 171 2695 '
219 2681 306 2753 Hinc
330 2681 473 2780 historia
496 2682 722 2756 ecclesiastiea
748 2684 906 2756 universa
929 2683 1049 2770 tradit,
1078 2682 1256 2756 ecclesiam

141 2797 275 2896 passim
287 2797 477 2898 principum
490 2796 599 2896 leges,
611 2825 700 2898 quae
713 2799 891 2896 attigerant
904 2798 1075 2873 vinculum
1089 2797 1253 2898 nuptiale,

141 2937 187 2986 ex
204 2937 272 3010 quo
287 2911 396 2986 oritur
410 2911 523 2985 unitas
540 2930 574 2986 et
591 2913 872 2987 indissolubilitas
891 2913 1040 3010 coniugii
1058 2912 1252 3011 respuisse,

146 3027 249 3102 immo
273 3054 353 3102 vero
377 3027 474 3102 docet
497 3030 686 3103 ecclesiam
707 3031 798 3129 leges
828 3029 995 3103 eiusmodi
1025 3054 1194 3127 nusquam
1225 3043 1258 3100 et

148 3153 330 3243 numquam
350 3153 439 3217 ratas
458 3142 631 3217 hahuisse.
650 3143 788 3230 Quoties
806 3144 948 3243 proinde
964 3169 1065 3217 casus
1082 3141 1206 3216 accidit
1222 3142 1256 3213 in

145 3276 347 3359 quocontra
368 3260 531 3334 ecclesiae
551 3260 796 3359 legislationem
816 3261 973 3333 alterutra
986 3287 1027 3333 ex
1039 3259 1258 3358 hisproprie·

147 3374 272 3447 tatibus
298 3402 358 3476 per
383 3376 490 3475 legem
510 3376 660 3477 aliquam
678 3375 798 3449 allecta
815 3392 885 3462 est,
914 3376 1012 3449 toties
1037 3373 1181 3448 ecclesia
1209 3375 1256 3447 uti

142 3485 275 3562 nullius
293 3489 392 3587 plane
417 3492 541 3567 valoris
566 3520 639 3567 eam
663 3492 792 3565 hahuit.
809 3494 913 3566 Notae
935 3491 1012 3564 illae
1029 3499 1258 3590 patrums‘en-

147 3602 270 3675 tentiae
296 3621 375 3676 sunt
408 3607 532 3704 quihus
563 3607 653 3705 leges
688 3608 841 3693 divortii,
875 3622 932 3680 aut
963 3605 1105 3680 divortio
1138 3604 1256 3678 saltem

147 3718 295 3794 faventes
307 3720 351 3794 ab
364 3721 621 3822 imperatoribus
635 3724 720 3798 latas
733 3739 893 3824 perpetuo
908 3724 1061 3796 reiiciunt
1078 3737 1257 3819 respuunt-

146 3862 234 3934 que,
263 3854 376 3938 utpote
401 3864 488 3937 quae
508 3838 573 3911 iuri
599 3839 733 3925 divino,
755 3855 855 3939 atque
872 3839 1003 3936 legibus
1021 3836 1184 3912 ecclesiae
1200 3836 1256 3909 ad-

145 3969 370 4039 versarentur,
391 3968 428 4026 ut
446 3968 535 4053 patet
560 3979 600 4025 ex
625 3953 668 4024 iis
693 3954 851 4027 omnibus
875 3952 1076 4026 testimoniis
1102 3966 1252 4048 patrum,

145 4089 236 4163 quae
258 4067 343 4142 ahos
368 4068 621 4167 congessimus,
647 4071 729 4169 quin
749 4096 790 4145 ea
811 4071 932 4143 iterare
956 4067 1032 4141 heic
1056 4064 1250 4139 debeamus.

220 4181 306 4256 lluie
326 4184 694 4260 doctrinaeconlormis
716 4211 850 4284 semper
866 4185 929 4257 luit
946 4183 1058 4284 praxis
1075 4180 1251 4255 ecclesiae.

146 4296 254 4396 Atque
278 4315 315 4372 ut
340 4329 441 4375 unum
476 4301 594 4376 saltem
625 4300 899 4400 documentorum
929 4325 1042 4400 genus·
1062 4297 1127 4371 hac
1150 4295 1196 4370 de
1221 4320 1255 4368 re
