2804 5062
186 407 248 455 cir.
261 406 345 455 una
359 403 876 456 nacu.eor.mauus.nnru.rcm
890 400 997 456 ersus.
1010 408 1081 457 sur.
1097 407 1120 457 1.
1175 387 1244 460 183

146 551 214 596 imre
229 524 488 608 ecclesiasticas,
505 548 620 621 easque
637 539 797 622 quantum
817 522 862 595 ad
878 525 1096 596 substantiam
1113 551 1242 613 eorum,

143 641 176 712 cd
194 639 337 712 iudicem
356 630 609 711 ecclesiasticum
626 642 791 736 privative
810 656 972 737 spectare,
994 641 1141 738 nihilque
1159 645 1247 716 circa

140 783 236 828 umam
253 755 465 827 validitatem
485 771 518 827 et
535 747 776 827 insoliditatem
801 756 940 828 iudicem
962 757 1140 829 secularem
1152 784 1247 855 posse

140 871 317 954 decernere,
346 897 382 942 eo
407 870 494 969 quod
520 871 578 942 liae
603 886 723 943 natura
748 897 809 941 sua
841 874 908 943 sint
931 898 1015 943 mere
1040 875 1242 970 spirituales.

141 987 175 1057 llt
188 1013 267 1058 sane
285 987 319 1057 si
333 988 480 1084 quaestio
498 1001 646 1058 vertatur
662 987 700 1057 de
718 986 889 1058 validitate
903 989 1007 1085 ipsius
1025 990 1242 1072 matrimonii,

139 1103 216 1175 ulus
242 1102 348 1175 iudea
374 1104 610 1177 ecctuusttem
635 1118 682 1176 est
706 1119 904 1202 competens,
929 1094 1063 1202 'ipseque
1095 1107 1183 1177 solua
1207 1104 1247 1176 dc

141 1221 188 1294 lac
212 1223 404 1319 quaestione
425 1246 611 1319 coquoscere
632 1236 783 1318 petest.»
954 1209 958 1215 ’

200 1336 376 1412 Hactenus
396 1323 535 1436 quidem
554 1338 635 1410 Pius
651 1338 705 1408 vt.
728 1338 788 1436 qui
806 1337 929 1411 deinde
942 1339 1051 1436 pergit
1068 1337 1153 1410 haec
1170 1338 1246 1437 ipsa

141 1452 360 1539 communire,
390 1440 530 1551 atquae
558 1452 729 1525 nonnullis
750 1478 839 1552 quaa
863 1440 976 1525 afferri
1002 1438 1247 1527 consueverunt

142 1558 387 1641 difficultatibus
405 1568 573 1666 expedire.
597 1568 643 1640 An
667 1584 840 1666 praeterea
865 1568 989 1641 adiecit
1005 1585 1132 1641 certum
1149 1593 1239 1656 ease,

144 1708 197 1755 non
221 1709 282 1757 eos
305 1682 408 1756 modo
434 1684 492 1782 qui
517 1684 639 1763 docent
656 1685 698 1756 ad
713 1708 867 1757 summas
887 1699 1071 1783 potestates
1087 1699 1245 1781 spectare

146 1797 232 1873 huius
252 1799 361 1873 seculi
386 1799 478 1896 leges
503 1786 697 1899 de'nuptiis
716 1801 822 1886 serre,
849 1798 909 1873 aad
931 1824 988 1872 aaa
1007 1825 1164 1898 quoque,
1186 1800 1247 1897 qui

148 1913 227 1988 lautis
245 1916 311 1988 hoc
328 1916 441 2015 ipsum
459 1915 659 1989 confirmant
679 1942 754 1989 can.
777 1917 850 1986 Xll.
880 1901 1085 1987 anathemati
1102 1901 1247 1987 'concitii

149 2031 303 2105 tridentini
329 2029 495 2104 obnoxios
512 2057 601 2105 esse.

206 2147 363 2247 Denique
391 2146 480 2219 idem
504 2147 652 2255 pontifex
677 2147 939 2248 propositionem
965 2146 1075 2217 Lvttt.
1102 2146 1248 2245 pseudo-

152 2264 253 2360 synodi
279 2263 496 2363 pistoriensis
521 2288 644 2364 «quiae
662 2265 778 2337 statuit
800 2263 974 2361 sponsalia
987 2262 1131 2362 ,proprie
1157 2261 1247 2365 dicta

152 2394 242 2451 acum
262 2406 356 2453 mare
381 2379 513 2454 civilem
531 2381 721 2468 continere,
750 2381 809 2479 qui
831 2380 874 2452 ad
893 2377 1143 2451 matrimonium
1161 2376 1250 2449 cela

152 2489 298 2568 hrundum
323 2495 495 2595 disponit,
525 2496 711 2595 eademque
728 2496 878 2569 civilium
904 2496 1016 2592 legum
1039 2493 1248 2593 praescripto

152 2611 267 2684 omnino
280 2598 616 2713 subiacere—quasi
631 2597 726 2685 actus
740 2597 928 2710 disponens
946 2610 988 2682 ad
1002 2622 1248 2684 sacramentum

151 2749 201 2799 uon
221 2727 398 2801 subiaceat
412 2727 476 2803 sub
501 2728 566 2801 hac
584 2728 713 2800 ratione
730 2728 795 2799 iuri
813 2727 978 2800 ecclesiae
990 2756 1007 2795 »
1027 2725 1248 2798 damnavit—

154 2841 188 2912 uti
209 2845 358 2943 salsam,
381 2845 465 2916 iuris
486 2845 637 2916 ccclesiae
663 2843 771 2942 quoad
793 2844 925 2940 effectus
949 2826 1093 2914 etiam'a
1117 2866 1249 2940 sporum

154 2953 220 3032 ttu
242 2962 282 3032 ui
306 2944 764 3032 canonicamm'sanetionum
786 2959 982 3056 profluentes
1004 2957 1178 3040 laesioam,
1200 2955 1248 3026 di-

151 3074 293 3172 uiplinae
317 3075 360 3147 nb
382 3076 515 3147 ecclesia
536 3059 732 3148 'constitutae
750 3074 1002 3175 derepentem»

212 3191 267 3263 Sic
296 3190 396 3290 plano
422 3216 648 3289 germanoque
674 3216 777 3263 sensu
804 3189 984 3262 constituto
1008 3185 1147 3287 canonis
1174 3184 1246 3253 Xll.

150 3323 226 3378 tuuc.
252 3305 427 3378 tridentini
452 3308 518 3409 (3),
548 3305 613 3377 iam
641 3320 790 3404 praestat
813 3302 966 3376 eiusdem
995 3299 1168 3373 veritatem
1191 3298 1251 3371 ad-

150 3433 284 3509 struere;
307 3421 397 3521 quod
412 3421 550 3521 quidem
563 3421 747 3494 efficiemus
767 3436 836 3492 tum
855 3445 924 3491 sac.
944 3415 1076 3502 litteris,
1095 3430 1165 3486 tum
1184 3428 1251 3488 tra—

147 3531 275 3624 ditione,
299 3554 369 3609 tum
395 3537 492 3610 iactis
511 3563 599 3637 quae
623 3537 891 3636 Scripturarum,
914 3532 1173 3631 traditionisque
1191 3531 1252 3604 do-

148 3652 275 3725 ctrinam
302 3653 513 3725 confirment.

204 3771 296 3842 Sane
309 3769 346 3841 in
360 3769 468 3842 sacris
481 3766 602 3842 litteris
617 3767 803 3866 reperimus
818 3794 885 3839 non
900 3765 1009 3839 solum
1018 3763 1124 3834 Deum
1139 3761 1251 3858 ipsum

147 3885 330 3983 coniugium
355 3885 565 3970 instituisse,
592 3899 695 3982 atque
723 3882 862 3955 unitatis
885 3897 918 3954 et
942 3874 1251 3951 indissolubilitatis

200 4138 235 4205 (t)
251 4141 394 4192 praeiverat
411 4141 457 4191 Plo
473 4142 516 4193 vt.
534 4142 560 4191 tn
578 4141 624 4191 bac
635 4139 799 4190 declaratione
817 4136 962 4188 macareus
977 4136 1043 4185 xlv.
1063 4133 1106 4197 qui
1123 4133 1150 4182 tn
1164 4133 1253 4196 op.1ta

149 4219 230 4279 medo
242 4219 289 4271 ltu.
301 4223 312 4271 t
318 4222 349 4270 Χ.
362 4233 416 4285 cap.
435 4228 459 4271 s.
475 4234 500 4271 n.
517 4228 539 4272 a.
559 4220 647 4272 assertt
665 4233 751 4270 musas
772 4231 836 4282 quae
857 4218 986 4267 versantur
1006 4215 1072 4265 circa
1096 4213 1150 4263 tntu
1169 4211 1253 4262 coutu-

150 4297 196 4355 Νι
214 4299 320 4352 tcanerts
337 4300 493 4365 firmitatem,
511 4300 587 4354 nuttc
601 4299 792 4354 cattcttcorum
805 4297 1013 4358 untrcaumte,
1023 4297 1051 4349 tn
1066 4294 1122 4348 acto
1131 4291 1255 4348 nemus

149 4372 197 4429 tm
209 4392 262 4433 aasa
276 4381 468 4446 pemactandaa.
