<?xml version="1.0" encoding="UTF-8"?>
<!DOCTYPE html PUBLIC "-//W3C//DTD XHTML 1.0 Transitional//EN"
    "http://www.w3.org/TR/xhtml1/DTD/xhtml1-transitional.dtd">
<html xmlns="http://www.w3.org/1999/xhtml" xml:lang="en" lang="en">
 <head>
  <title>
</title>
<meta http-equiv="Content-Type" content="text/html;charset=utf-8" />
  <meta name='ocr-system' content='tesseract 3.04.00' />
  <meta name='ocr-capabilities' content='ocr_page ocr_carea ocr_par ocr_line ocrx_word'/>
</head>
<body>
  <div class='ocr_page' id='page_1' title='image "./dematrimoniochr02perrgoog_0419.png"; bbox 0 0 2804 5062; ppageno 0'>
   <div class='ocr_carea' id='block_1_1' title="bbox 148 341 1063 423">
    <p class='ocr_par' dir='ltr' id='par_1_1' title="bbox 148 341 1063 423">
     <span class='ocr_line' id='line_1_1' title="bbox 148 341 1063 423; baseline 0.001 -10"><span class='ocrx_word' id='word_1_1' title='bbox 148 341 218 415; x_wconf 72' lang='lat' dir='ltr'><strong>tsi</strong></span> <span class='ocrx_word' id='word_1_2' title='bbox 261 382 304 423; x_wconf 66' lang='grc' dir='ltr'><strong>ς·</strong></span> <span class='ocrx_word' id='word_1_3' title='bbox 344 366 406 417; x_wconf 80' lang='grc' dir='ltr'>ιιι.</span> <span class='ocrx_word' id='word_1_4' title='bbox 428 366 463 418; x_wconf 89' lang='grc' dir='ltr'><strong>ιι.</strong></span> <span class='ocrx_word' id='word_1_5' title='bbox 485 366 572 417; x_wconf 79' lang='lat' dir='ltr'><strong>scor.</strong></span> <span class='ocrx_word' id='word_1_6' title='bbox 594 365 725 416; x_wconf 80' lang='lat' dir='ltr'><strong>annena.</strong></span> <span class='ocrx_word' id='word_1_7' title='bbox 745 365 788 415; x_wconf 85' lang='lat' dir='ltr'><strong>ne</strong></span> <span class='ocrx_word' id='word_1_8' title='bbox 804 364 931 417; x_wconf 75' lang='lat' dir='ltr'><strong>rcrm.</strong></span> <span class='ocrx_word' id='word_1_9' title='bbox 951 363 1063 416; x_wconf 82' lang='lat' dir='ltr'><strong>mrmr.</strong></span> 
     </span>
    </p>
   </div>
   <div class='ocr_carea' id='block_1_2' title="bbox 134 480 1261 3212">
    <p class='ocr_par' dir='ltr' id='par_1_2' title="bbox 141 480 1253 814">
     <span class='ocr_line' id='line_1_2' title="bbox 141 480 1244 584; baseline -0.006 -24"><span class='ocrx_word' id='word_1_10' title='bbox 141 484 232 584; x_wconf 89' lang='lat' dir='ltr'><strong>quod</strong></span> <span class='ocrx_word' id='word_1_11' title='bbox 269 500 326 558; x_wconf 76' lang='lat' dir='ltr'><strong>ex&#39;</strong></span> <span class='ocrx_word' id='word_1_12' title='bbox 344 484 500 559; x_wconf 72' lang='lat' dir='ltr'><strong>adductis</strong></span> <span class='ocrx_word' id='word_1_13' title='bbox 535 480 758 558; x_wconf 85' lang='lat' dir='ltr'><strong>documentis</strong></span> <span class='ocrx_word' id='word_1_14' title='bbox 779 482 926 582; x_wconf 80' lang='lat' dir='ltr'><strong>positive</strong></span> <span class='ocrx_word' id='word_1_15' title='bbox 957 496 1092 557; x_wconf 83' lang='lat' dir='ltr'><strong>constet</strong></span> <span class='ocrx_word' id='word_1_16' title='bbox 1124 507 1193 583; x_wconf 84' lang='lat' dir='ltr'><strong>qno</strong></span> <span class='ocrx_word' id='word_1_17' title='bbox 1218 481 1244 554; x_wconf 88' lang='lat' dir='ltr'><strong>in</strong></span> 
     </span>
     <span class='ocr_line' id='line_1_3' title="bbox 144 596 1253 699; baseline -0.006 -24"><span class='ocrx_word' id='word_1_18' title='bbox 144 598 251 698; x_wconf 87' lang='lat' dir='ltr'><strong>gradu</strong></span> <span class='ocrx_word' id='word_1_19' title='bbox 277 599 378 673; x_wconf 87' lang='lat' dir='ltr'><strong>inerit</strong></span> <span class='ocrx_word' id='word_1_20' title='bbox 401 597 561 673; x_wconf 88' lang='lat' dir='ltr'><strong>Bertrada</strong></span> <span class='ocrx_word' id='word_1_21' title='bbox 586 597 838 696; x_wconf 89' lang='lat' dir='ltr'><strong>consanguinea</strong></span> <span class='ocrx_word' id='word_1_22' title='bbox 862 596 1051 699; x_wconf 85' lang='lat' dir='ltr'><strong>Philippo,</strong></span> <span class='ocrx_word' id='word_1_23' title='bbox 1079 622 1203 698; x_wconf 79' lang='lat' dir='ltr'><strong>nempe</strong></span> <span class='ocrx_word' id='word_1_24' title='bbox 1220 596 1253 669; x_wconf 51' lang='lat' dir='ltr'><strong>io¹</strong></span> 
     </span>
     <span class='ocr_line' id='line_1_4' title="bbox 146 716 864 814; baseline -0.006 -25"><span class='ocrx_word' id='word_1_25' title='bbox 146 730 264 814; x_wconf 85' lang='lat' dir='ltr'><strong>qoorto</strong></span> <span class='ocrx_word' id='word_1_26' title='bbox 283 716 396 811; x_wconf 79' lang='lat' dir='ltr'><strong>(tit).</strong></span> <span class='ocrx_word' id='word_1_27' title='bbox 859 796 864 803; x_wconf 24' lang='lat'>⁸</span> 
     </span>
    </p>

    <p class='ocr_par' dir='ltr' id='par_1_3' title="bbox 134 827 1261 2197">
     <span class='ocr_line' id='line_1_5' title="bbox 218 827 1254 931; baseline -0.002 -28"><span class='ocrx_word' id='word_1_28' title='bbox 218 832 251 903; x_wconf 79' lang='lat'><strong>2.</strong></span> <span class='ocrx_word' id='word_1_29' title='bbox 273 831 346 905; x_wconf 89' lang='lat' dir='ltr'><strong>Ncn</strong></span> <span class='ocrx_word' id='word_1_30' title='bbox 365 829 477 905; x_wconf 91' lang='lat' dir='ltr'><strong>minus</strong></span> <span class='ocrx_word' id='word_1_31' title='bbox 494 830 635 931; x_wconf 77' lang='lat' dir='ltr'>turpiter</span> <span class='ocrx_word' id='word_1_32' title='bbox 650 829 774 903; x_wconf 82' lang='lat' dir='ltr'><strong>errarit</strong></span> <span class='ocrx_word' id='word_1_33' title='bbox 790 830 899 930; x_wconf 81' lang='lat' dir='ltr'><strong>Nnytz</strong></span> <span class='ocrx_word' id='word_1_34' title='bbox 915 828 998 903; x_wconf 92' lang='lat' dir='ltr'><strong>dnm</strong></span> <span class='ocrx_word' id='word_1_35' title='bbox 1015 827 1169 903; x_wconf 78' lang='lat' dir='ltr'><strong>fidenter</strong></span> <span class='ocrx_word' id='word_1_36' title='bbox 1180 827 1254 901; x_wconf 84' lang='lat' dir='ltr'><strong>adea</strong></span> 
     </span>
     <span class='ocr_line' id='line_1_6' title="bbox 143 943 1255 1044; baseline -0.002 -24"><span class='ocrx_word' id='word_1_37' title='bbox 143 946 290 1021; x_wconf 85' lang='lat' dir='ltr'><strong>allirmat</strong></span> <span class='ocrx_word' id='word_1_38' title='bbox 311 946 481 1020; x_wconf 70' lang='lat' dir='ltr'><strong><em>historiam</em></strong></span> <span class='ocrx_word' id='word_1_39' title='bbox 496 973 561 1019; x_wconf 86' lang='lat' dir='ltr'><strong>ooo</strong></span> <span class='ocrx_word' id='word_1_40' title='bbox 578 945 670 1044; x_wconf 80' lang='lat' dir='ltr'><strong>loqui</strong></span> <span class='ocrx_word' id='word_1_41' title='bbox 684 944 723 1018; x_wconf 79' lang='lat' dir='ltr'><strong>da</strong></span> <span class='ocrx_word' id='word_1_42' title='bbox 740 944 980 1044; x_wconf 79' lang='lat' dir='ltr'><strong>dispensatione</strong></span> <span class='ocrx_word' id='word_1_43' title='bbox 996 943 1042 1018; x_wconf 89' lang='lat' dir='ltr'><strong>ad</strong></span> <span class='ocrx_word' id='word_1_44' title='bbox 1060 943 1255 1019; x_wconf 80' lang='lat' dir='ltr'><strong>contmhen·</strong></span> 
     </span>
     <span class='ocr_line' id='line_1_7' title="bbox 143 1058 1257 1148; baseline 0 -15"><span class='ocrx_word' id='word_1_45' title='bbox 143 1060 226 1135; x_wconf 81' lang='lat' dir='ltr'><strong>dum</strong></span> <span class='ocrx_word' id='word_1_46' title='bbox 250 1061 501 1135; x_wconf 77' lang='lat' dir='ltr'><strong>matrimonium</strong></span> <span class='ocrx_word' id='word_1_47' title='bbox 524 1061 626 1148; x_wconf 89' lang='lat' dir='ltr'><strong>data,</strong></span> <span class='ocrx_word' id='word_1_48' title='bbox 654 1062 715 1135; x_wconf 89' lang='lat' dir='ltr'><strong>sed</strong></span> <span class='ocrx_word' id='word_1_49' title='bbox 741 1060 842 1134; x_wconf 91' lang='lat' dir='ltr'><strong>unice</strong></span> <span class='ocrx_word' id='word_1_50' title='bbox 853 1059 897 1134; x_wconf 90' lang='lat' dir='ltr'><strong>de</strong></span> <span class='ocrx_word' id='word_1_51' title='bbox 913 1058 1136 1134; x_wconf 86' lang='lat' dir='ltr'><strong>absolutione</strong></span> <span class='ocrx_word' id='word_1_52' title='bbox 1149 1058 1195 1134; x_wconf 78' lang='lat' dir='ltr'><strong>ab</strong></span> <span class='ocrx_word' id='word_1_53' title='bbox 1210 1085 1257 1133; x_wconf 81' lang='lat' dir='ltr'><strong>ex·</strong></span> 
     </span>
     <span class='ocr_line' id='line_1_8' title="bbox 134 1174 1258 1277; baseline -0.002 -26"><span class='ocrx_word' id='word_1_54' title='bbox 134 1175 446 1251; x_wconf 81' lang='lat' dir='ltr'><strong>¹communicatione</strong></span> <span class='ocrx_word' id='word_1_55' title='bbox 469 1175 627 1277; x_wconf 86' lang='lat' dir='ltr'><strong>Philippo</strong></span> <span class='ocrx_word' id='word_1_56' title='bbox 649 1177 779 1251; x_wconf 88' lang='lat' dir='ltr'><strong>inlliota</strong></span> <span class='ocrx_word' id='word_1_57' title='bbox 801 1175 847 1251; x_wconf 90' lang='lat' dir='ltr'><strong>ob</strong></span> <span class='ocrx_word' id='word_1_58' title='bbox 870 1199 971 1250; x_wconf 88' lang='lat' dir='ltr'><strong>suum</strong></span> <span class='ocrx_word' id='word_1_59' title='bbox 1000 1201 1081 1249; x_wconf 88' lang='lat' dir='ltr'><strong>cum</strong></span> <span class='ocrx_word' id='word_1_60' title='bbox 1103 1174 1258 1249; x_wconf 81' lang='lat' dir='ltr'><strong>Bertrada</strong></span> 
     </span>
     <span class='ocr_line' id='line_1_9' title="bbox 145 1289 1259 1389; baseline -0.002 -24"><span class='ocrx_word' id='word_1_61' title='bbox 145 1292 266 1366; x_wconf 89' lang='lat' dir='ltr'><strong>initum</strong></span> <span class='ocrx_word' id='word_1_62' title='bbox 292 1291 486 1389; x_wconf 85' lang='lat' dir='ltr'><strong>coniugium</strong></span> <span class='ocrx_word' id='word_1_63' title='bbox 509 1293 625 1387; x_wconf 77' lang='lat' dir='ltr'><strong>(itt).</strong></span> <span class='ocrx_word' id='word_1_64' title='bbox 645 1291 709 1366; x_wconf 77' lang='lat' dir='ltr'><strong>Ast</strong></span> <span class='ocrx_word' id='word_1_65' title='bbox 723 1291 928 1366; x_wconf 88' lang='lat' dir='ltr'><strong>contrarium</strong></span> <span class='ocrx_word' id='word_1_66' title='bbox 951 1305 1107 1378; x_wconf 87' lang='lat' dir='ltr'><strong>constat,</strong></span> <span class='ocrx_word' id='word_1_67' title='bbox 1128 1307 1171 1365; x_wconf 90' lang='lat' dir='ltr'><strong>ut</strong></span> <span class='ocrx_word' id='word_1_68' title='bbox 1184 1289 1259 1364; x_wconf 79' lang='lat' dir='ltr'><strong>ridi</strong></span> 
     </span>
     <span class='ocr_line' id='line_1_10' title="bbox 147 1404 1259 1506; baseline 0 -27"><span class='ocrx_word' id='word_1_69' title='bbox 147 1432 222 1480; x_wconf 87' lang='lat' dir='ltr'><strong>mue</strong></span> <span class='ocrx_word' id='word_1_70' title='bbox 243 1431 285 1479; x_wconf 79' lang='lat' dir='ltr'><strong>en</strong></span> <span class='ocrx_word' id='word_1_71' title='bbox 311 1407 430 1493; x_wconf 85' lang='lat' dir='ltr'><strong>lvone,</strong></span> <span class='ocrx_word' id='word_1_72' title='bbox 453 1405 518 1506; x_wconf 83' lang='lat' dir='ltr'><strong>qui&#39;</strong></span> <span class='ocrx_word' id='word_1_73' title='bbox 529 1432 599 1479; x_wconf 89' lang='lat' dir='ltr'><strong>una</strong></span> <span class='ocrx_word' id='word_1_74' title='bbox 615 1430 692 1480; x_wconf 90' lang='lat' dir='ltr'><strong>cum</strong></span> <span class='ocrx_word' id='word_1_75' title='bbox 711 1404 884 1480; x_wconf 91' lang='lat' dir='ltr'><strong>nonnullis</strong></span> <span class='ocrx_word' id='word_1_76' title='bbox 900 1405 979 1481; x_wconf 91' lang='lat' dir='ltr'><strong>aliis</strong></span> <span class='ocrx_word' id='word_1_77' title='bbox 994 1404 1177 1504; x_wconf 89' lang='lat' dir='ltr'><strong>episcopis</strong></span> <span class='ocrx_word' id='word_1_78' title='bbox 1193 1420 1259 1505; x_wconf 81' lang='lat' dir='ltr'><strong>ptct</strong></span> 
     </span>
     <span class='ocr_line' id='line_1_11' title="bbox 142 1519 1256 1623; baseline -0.004 -27"><span class='ocrx_word' id='word_1_79' title='bbox 142 1538 341 1597; x_wconf 81' lang='lat' dir='ltr'><strong>conuentum</strong></span> <span class='ocrx_word' id='word_1_80' title='bbox 355 1521 622 1619; x_wconf 85' lang='lat' dir='ltr'><strong>Bangenciacnm</strong></span> <span class='ocrx_word' id='word_1_81' title='bbox 648 1521 853 1623; x_wconf 76' lang='lat' dir='ltr'><strong>supplicavit</strong></span> <span class='ocrx_word' id='word_1_82' title='bbox 875 1520 966 1620; x_wconf 88' lang='lat' dir='ltr'><strong>apud</strong></span> <span class='ocrx_word' id='word_1_83' title='bbox 993 1519 1201 1596; x_wconf 84' lang='lat' dir='ltr'><strong>Paschalem</strong></span> <span class='ocrx_word' id='word_1_84' title='bbox 1219 1520 1256 1594; x_wconf 92' lang='lat' dir='ltr'><strong>ll.</strong></span> 
     </span>
     <span class='ocr_line' id='line_1_12' title="bbox 143 1635 1260 1737; baseline -0.003 -25"><span class='ocrx_word' id='word_1_85' title='bbox 143 1663 207 1737; x_wconf 89' lang='lat' dir='ltr'><strong>pro</strong></span> <span class='ocrx_word' id='word_1_86' title='bbox 218 1636 457 1737; x_wconf 76' lang='lat' dir='ltr'><strong>dispomotionc</strong></span> <span class='ocrx_word' id='word_1_87' title='bbox 469 1636 654 1713; x_wconf 87' lang='lat' dir='ltr'><strong>adiiciens:</strong></span> <span class='ocrx_word' id='word_1_88' title='bbox 674 1637 1001 1737; x_wconf 77' lang='lat' dir='ltr'><strong>«Dispensationum</strong></span> <span class='ocrx_word' id='word_1_89' title='bbox 1013 1651 1135 1710; x_wconf 83' lang='lat' dir='ltr'><strong>autern</strong></span> <span class='ocrx_word' id='word_1_90' title='bbox 1148 1635 1260 1711; x_wconf 83' lang='lat' dir='ltr'><strong>modus</strong></span> 
     </span>
     <span class='ocr_line' id='line_1_13' title="bbox 143 1749 1259 1852; baseline 0 -27"><span class='ocrx_word' id='word_1_91' title='bbox 143 1752 226 1827; x_wconf 88' lang='lat' dir='ltr'><strong>nulli</strong></span> <span class='ocrx_word' id='word_1_92' title='bbox 245 1778 394 1852; x_wconf 89' lang='lat' dir='ltr'><strong>unquam</strong></span> <span class='ocrx_word' id='word_1_93' title='bbox 413 1751 602 1852; x_wconf 88' lang='lat' dir='ltr'><strong>sapientum</strong></span> <span class='ocrx_word' id='word_1_94' title='bbox 618 1751 791 1852; x_wconf 83' lang='lat' dir='ltr'><strong>displicuit</strong></span> <span class='ocrx_word' id='word_1_95' title='bbox 806 1753 839 1847; x_wconf 91' lang='grc'><strong>(1</strong></span> <span class='ocrx_word' id='word_1_96' title='bbox 846 1753 945 1846; x_wconf 80' lang='lat' dir='ltr'><strong>tt),»</strong></span> <span class='ocrx_word' id='word_1_97' title='bbox 956 1750 1018 1850; x_wconf 90' lang='lat' dir='ltr'><strong>qui</strong></span> <span class='ocrx_word' id='word_1_98' title='bbox 1028 1749 1162 1824; x_wconf 87' lang='lat' dir='ltr'><strong>deinde</strong></span> <span class='ocrx_word' id='word_1_99' title='bbox 1173 1749 1259 1851; x_wconf 83' lang='lat' dir='ltr'><strong>plura</strong></span> 
     </span>
     <span class='ocr_line' id='line_1_14' title="bbox 144 1865 1261 1966; baseline -0.002 -24"><span class='ocrx_word' id='word_1_100' title='bbox 144 1868 295 1943; x_wconf 80' lang='lat' dir='ltr'><strong>adtexuit</strong></span> <span class='ocrx_word' id='word_1_101' title='bbox 318 1883 517 1965; x_wconf 88' lang='lat' dir='ltr'><strong>argumenta</strong></span> <span class='ocrx_word' id='word_1_102' title='bbox 542 1883 613 1941; x_wconf 88' lang='lat' dir='ltr'><strong>tum</strong></span> <span class='ocrx_word' id='word_1_103' title='bbox 637 1894 678 1942; x_wconf 86' lang='lat' dir='ltr'><strong>ex</strong></span> <span class='ocrx_word' id='word_1_104' title='bbox 703 1866 899 1942; x_wconf 88' lang='lat' dir='ltr'><strong>auctoritate</strong></span> <span class='ocrx_word' id='word_1_105' title='bbox 914 1882 986 1940; x_wconf 89' lang='lat' dir='ltr'><strong>tum</strong></span> <span class='ocrx_word' id='word_1_106' title='bbox 1001 1891 1045 1939; x_wconf 83' lang='lat' dir='ltr'><strong>ex</strong></span> <span class='ocrx_word' id='word_1_107' title='bbox 1064 1865 1200 1941; x_wconf 88' lang='lat' dir='ltr'><strong>ratione</strong></span> <span class='ocrx_word' id='word_1_108' title='bbox 1214 1890 1261 1966; x_wconf 78' lang='lat' dir='ltr'><strong>pe</strong></span> 
     </span>
     <span class='ocr_line' id='line_1_15' title="bbox 144 1979 1261 2082; baseline -0.001 -26"><span class='ocrx_word' id='word_1_109' title='bbox 144 1982 205 2057; x_wconf 87' lang='lat' dir='ltr'><strong>tite</strong></span> <span class='ocrx_word' id='word_1_110' title='bbox 230 1998 269 2056; x_wconf 90' lang='lat' dir='ltr'><strong>nt</strong></span> <span class='ocrx_word' id='word_1_111' title='bbox 293 1982 496 2082; x_wconf 84' lang='lat' dir='ltr'><strong>persuadeat</strong></span> <span class='ocrx_word' id='word_1_112' title='bbox 522 1981 670 2082; x_wconf 82' lang='lat' dir='ltr'><strong>pontifici</strong></span> <span class='ocrx_word' id='word_1_113' title='bbox 697 1979 949 2067; x_wconf 87' lang='lat' dir='ltr'><strong>necessitatem,</strong></span> <span class='ocrx_word' id='word_1_114' title='bbox 969 1997 1030 2056; x_wconf 87' lang='lat' dir='ltr'><strong>aut</strong></span> <span class='ocrx_word' id='word_1_115' title='bbox 1047 1979 1174 2055; x_wconf 67' lang='lat' dir='ltr'><strong>adtem</strong></span> <span class='ocrx_word' id='word_1_116' title='bbox 1189 2005 1261 2055; x_wconf 87' lang='lat' dir='ltr'><strong>oon·</strong></span> 
     </span>
     <span class='ocr_line' id='line_1_16' title="bbox 145 2097 1075 2197; baseline -0.003 -24"><span class='ocrx_word' id='word_1_117' title='bbox 145 2099 333 2196; x_wconf 70' lang='lat' dir='ltr'><strong>gruerumm</strong></span> <span class='ocrx_word' id='word_1_118' title='bbox 359 2097 566 2174; x_wconf 87' lang='lat' dir='ltr'><strong>concedendi</strong></span> <span class='ocrx_word' id='word_1_119' title='bbox 592 2097 760 2173; x_wconf 88' lang='lat' dir='ltr'><strong>eiusmodi</strong></span> <span class='ocrx_word' id='word_1_120' title='bbox 786 2097 1075 2197; x_wconf 77' lang='lat' dir='ltr'><strong>dispensationem.</strong></span> 
     </span>
    </p>

    <p class='ocr_par' dir='ltr' id='par_1_4' title="bbox 144 2211 1260 3212">
     <span class='ocr_line' id='line_1_17' title="bbox 219 2211 1259 2312; baseline -0.004 -24"><span class='ocrx_word' id='word_1_121' title='bbox 219 2214 392 2289; x_wconf 82' lang='lat' dir='ltr'><strong>Praeterea</strong></span> <span class='ocrx_word' id='word_1_122' title='bbox 406 2215 441 2289; x_wconf 95' lang='lat' dir='ltr'><strong>in</strong></span> <span class='ocrx_word' id='word_1_123' title='bbox 454 2213 519 2289; x_wconf 89' lang='lat' dir='ltr'><strong>hae</strong></span> <span class='ocrx_word' id='word_1_124' title='bbox 534 2213 653 2288; x_wconf 89' lang='lat' dir='ltr'><strong>eadem</strong></span> <span class='ocrx_word' id='word_1_125' title='bbox 670 2212 815 2312; x_wconf 92' lang='lat' dir='ltr'><strong>epistola</strong></span> <span class='ocrx_word' id='word_1_126' title='bbox 831 2211 1053 2300; x_wconf 87' lang='lat' dir='ltr'><strong>circafinsm,</strong></span> <span class='ocrx_word' id='word_1_127' title='bbox 1077 2213 1139 2287; x_wconf 77' lang='lat' dir='ltr'><strong>lac</strong></span> <span class='ocrx_word' id='word_1_128' title='bbox 1155 2227 1259 2311; x_wconf 84' lang='lat' dir='ltr'><strong>aperto</strong></span> 
     </span>
     <span class='ocr_line' id='line_1_18' title="bbox 144 2325 1259 2429; baseline -0.002 -27"><span class='ocrx_word' id='word_1_129' title='bbox 144 2329 232 2404; x_wconf 88' lang='lat' dir='ltr'><strong>duas</strong></span> <span class='ocrx_word' id='word_1_130' title='bbox 258 2327 435 2427; x_wconf 78' lang='lat' dir='ltr'><strong>distinguit</strong></span> <span class='ocrx_word' id='word_1_131' title='bbox 459 2328 660 2429; x_wconf 80' lang='lat' dir='ltr'><strong>petitiones,</strong></span> <span class='ocrx_word' id='word_1_132' title='bbox 680 2352 769 2427; x_wconf 89' lang='lat' dir='ltr'><strong>quae</strong></span> <span class='ocrx_word' id='word_1_133' title='bbox 786 2326 911 2401; x_wconf 86' lang='lat' dir='ltr'><strong>fiebant</strong></span> <span class='ocrx_word' id='word_1_134' title='bbox 931 2325 1107 2429; x_wconf 85' lang='lat' dir='ltr'><strong>pontifici,</strong></span> <span class='ocrx_word' id='word_1_135' title='bbox 1137 2325 1259 2403; x_wconf 85' lang='lat' dir='ltr'><strong>scilieet</strong></span> 
     </span>
     <span class='ocr_line' id='line_1_19' title="bbox 144 2441 1259 2543; baseline 0 -26"><span class='ocrx_word' id='word_1_136' title='bbox 144 2444 396 2543; x_wconf 67' lang='lat' dir='ltr'><strong>disponsationis</strong></span> <span class='ocrx_word' id='word_1_137' title='bbox 421 2443 464 2518; x_wconf 88' lang='lat' dir='ltr'><strong>ab</strong></span> <span class='ocrx_word' id='word_1_138' title='bbox 489 2443 730 2543; x_wconf 90' lang='lat' dir='ltr'><strong>impedimento</strong></span> <span class='ocrx_word' id='word_1_139' title='bbox 754 2441 1103 2539; x_wconf 85' lang='lat' dir='ltr'><strong>consanguineitatis,</strong></span> <span class='ocrx_word' id='word_1_140' title='bbox 1123 2459 1159 2517; x_wconf 89' lang='lat' dir='ltr'><strong>et</strong></span> <span class='ocrx_word' id='word_1_141' title='bbox 1174 2441 1259 2516; x_wconf 76' lang='lat' dir='ltr'><strong>oleo</strong></span> 
     </span>
     <span class='ocr_line' id='line_1_20' title="bbox 145 2557 1258 2658; baseline 0.001 -27"><span class='ocrx_word' id='word_1_142' title='bbox 145 2561 281 2632; x_wconf 79' lang='lat' dir='ltr'><strong>lotionis</strong></span> <span class='ocrx_word' id='word_1_143' title='bbox 306 2560 351 2632; x_wconf 90' lang='lat' dir='ltr'><strong>ab</strong></span> <span class='ocrx_word' id='word_1_144' title='bbox 376 2560 732 2658; x_wconf 81' lang='lat' dir='ltr'><strong>excommunicatione.</strong></span> <span class='ocrx_word' id='word_1_145' title='bbox 755 2560 806 2633; x_wconf 85' lang='lat' dir='ltr'><strong>lln</strong></span> <span class='ocrx_word' id='word_1_146' title='bbox 831 2559 906 2633; x_wconf 89' lang='lat' dir='ltr'><strong>eius</strong></span> <span class='ocrx_word' id='word_1_147' title='bbox 930 2557 1060 2632; x_wconf 85' lang='lat' dir='ltr'><strong>verba:</strong></span> <span class='ocrx_word' id='word_1_148' title='bbox 1092 2560 1258 2633; x_wconf 77' lang='lat' dir='ltr'><strong>«Nostrae</strong></span> 
     </span>
     <span class='ocr_line' id='line_1_21' title="bbox 145 2673 1255 2772; baseline 0 -26"><span class='ocrx_word' id='word_1_149' title='bbox 145 2675 374 2772; x_wconf 82' lang='lat' dir='ltr'><strong>suggestionis</strong></span> <span class='ocrx_word' id='word_1_150' title='bbox 399 2703 531 2749; x_wconf 90' lang='lat' dir='ltr'><strong>summa</strong></span> <span class='ocrx_word' id='word_1_151' title='bbox 555 2693 623 2763; x_wconf 90' lang='lat' dir='ltr'><strong>est,</strong></span> <span class='ocrx_word' id='word_1_152' title='bbox 644 2692 681 2749; x_wconf 91' lang='lat' dir='ltr'><strong>nt</strong></span> <span class='ocrx_word' id='word_1_153' title='bbox 697 2675 918 2749; x_wconf 86' lang='lat' dir='ltr'><strong>imbecillitati</strong></span> <span class='ocrx_word' id='word_1_154' title='bbox 943 2674 1095 2747; x_wconf 88' lang='lat' dir='ltr'><strong>hominis</strong></span> <span class='ocrx_word' id='word_1_155' title='bbox 1122 2673 1255 2757; x_wconf 89' lang='lat' dir='ltr'><strong>amodo,</strong></span> 
     </span>
     <span class='ocr_line' id='line_1_22' title="bbox 146 2788 1260 2891; baseline 0.002 -29"><span class='ocrx_word' id='word_1_156' title='bbox 146 2807 308 2888; x_wconf 91' lang='lat' dir='ltr'><strong>quantum</strong></span> <span class='ocrx_word' id='word_1_157' title='bbox 326 2817 402 2863; x_wconf 90' lang='lat' dir='ltr'><strong>oum</strong></span> <span class='ocrx_word' id='word_1_158' title='bbox 421 2792 530 2866; x_wconf 89' lang='lat' dir='ltr'><strong>salute</strong></span> <span class='ocrx_word' id='word_1_159' title='bbox 546 2793 621 2866; x_wconf 89' lang='lat' dir='ltr'><strong>eius</strong></span> <span class='ocrx_word' id='word_1_160' title='bbox 640 2792 797 2891; x_wconf 90' lang='lat' dir='ltr'><strong>potestis,</strong></span> <span class='ocrx_word' id='word_1_161' title='bbox 818 2788 1100 2865; x_wconf 81' lang='lat' dir='ltr'><strong>condescendatis</strong></span> <span class='ocrx_word' id='word_1_162' title='bbox 1123 2796 1260 2890; x_wconf 84' lang='lat' dir='ltr'><strong>(nempe</strong></span> 
     </span>
     <span class='ocr_line' id='line_1_23' title="bbox 145 2904 1253 3007; baseline 0.003 -31"><span class='ocrx_word' id='word_1_163' title='bbox 145 2905 234 2979; x_wconf 88' lang='lat' dir='ltr'><strong>circa</strong></span> <span class='ocrx_word' id='word_1_164' title='bbox 254 2904 543 3004; x_wconf 85' lang='lat' dir='ltr'><strong>dispensationem</strong></span> <span class='ocrx_word' id='word_1_165' title='bbox 559 2908 603 2982; x_wconf 91' lang='lat' dir='ltr'><strong>de</strong></span> <span class='ocrx_word' id='word_1_166' title='bbox 620 2934 689 3007; x_wconf 92' lang='lat' dir='ltr'><strong>qua</strong></span> <span class='ocrx_word' id='word_1_167' title='bbox 706 2907 900 2981; x_wconf 88' lang='lat' dir='ltr'><strong>immediate</strong></span> <span class='ocrx_word' id='word_1_168' title='bbox 917 2923 995 2980; x_wconf 90' lang='lat' dir='ltr'><strong>ante</strong></span> <span class='ocrx_word' id='word_1_169' title='bbox 1011 2905 1253 3002; x_wconf 82' lang='lat' dir='ltr'><strong>disseruerat),</strong></span> 
     </span>
     <span class='ocr_line' id='line_1_24' title="bbox 144 3020 1257 3121; baseline 0.004 -28"><span class='ocrx_word' id='word_1_170' title='bbox 144 3037 177 3094; x_wconf 91' lang='lat' dir='ltr'><strong>et</strong></span> <span class='ocrx_word' id='word_1_171' title='bbox 196 3035 337 3108; x_wconf 89' lang='lat' dir='ltr'><strong>terram,</strong></span> <span class='ocrx_word' id='word_1_172' title='bbox 358 3047 447 3120; x_wconf 90' lang='lat' dir='ltr'><strong>qnae</strong></span> <span class='ocrx_word' id='word_1_173' title='bbox 470 3022 547 3096; x_wconf 91' lang='lat' dir='ltr'><strong>eius</strong></span> <span class='ocrx_word' id='word_1_174' title='bbox 570 3022 784 3096; x_wconf 86' lang='lat' dir='ltr'><strong>anathemate</strong></span> <span class='ocrx_word' id='word_1_175' title='bbox 807 3020 1037 3121; x_wconf 86' lang='lat' dir='ltr'><strong>periclitatur,</strong></span> <span class='ocrx_word' id='word_1_176' title='bbox 1058 3020 1189 3097; x_wconf 87' lang='lat' dir='ltr'><strong>abhoc</strong></span> <span class='ocrx_word' id='word_1_177' title='bbox 1206 3045 1257 3120; x_wconf 71' lang='lat' dir='ltr'><strong>pe</strong></span> 
     </span>
     <span class='ocr_line' id='line_1_25' title="bbox 145 3134 961 3212; baseline 0.004 -6"><span class='ocrx_word' id='word_1_178' title='bbox 145 3134 251 3210; x_wconf 88' lang='lat' dir='ltr'><strong>riculo</strong></span> <span class='ocrx_word' id='word_1_179' title='bbox 267 3136 393 3210; x_wconf 89' lang='lat' dir='ltr'><strong>eruatis</strong></span> <span class='ocrx_word' id='word_1_180' title='bbox 409 3167 426 3206; x_wconf 79' lang='lat' dir='ltr'><strong>a</strong></span> <span class='ocrx_word' id='word_1_181' title='bbox 445 3154 478 3211; x_wconf 89' lang='lat' dir='ltr'><strong>ct</strong></span> <span class='ocrx_word' id='word_1_182' title='bbox 495 3136 578 3212; x_wconf 87' lang='lat' dir='ltr'><strong>haec</strong></span> <span class='ocrx_word' id='word_1_183' title='bbox 596 3136 685 3210; x_wconf 85' lang='lat' dir='ltr'><strong>circa</strong></span> <span class='ocrx_word' id='word_1_184' title='bbox 702 3135 961 3211; x_wconf 88' lang='lat' dir='ltr'><strong>absolutionem.</strong></span> 
     </span>
    </p>
   </div>
   <div class='ocr_carea' id='block_1_3' title="bbox 146 3250 1257 3467">
    <p class='ocr_par' dir='ltr' id='par_1_5' title="bbox 146 3250 1257 3467">
     <span class='ocr_line' id='line_1_26' title="bbox 160 3250 1256 3352; baseline 0 -28"><span class='ocrx_word' id='word_1_185' title='bbox 160 3338 163 3346; x_wconf 32' lang='grc' dir='ltr'>Ι</span> <span class='ocrx_word' id='word_1_186' title='bbox 219 3253 253 3324; x_wconf 77' lang='lat'><strong>3.</strong></span> <span class='ocrx_word' id='word_1_187' title='bbox 269 3250 414 3325; x_wconf 64' lang='lat' dir='ltr'><strong>,Erravit</strong></span> <span class='ocrx_word' id='word_1_188' title='bbox 445 3252 479 3323; x_wconf 95' lang='lat' dir='ltr'><strong>in</strong></span> <span class='ocrx_word' id='word_1_189' title='bbox 509 3277 549 3325; x_wconf 92' lang='lat' dir='ltr'><strong>eo</strong></span> <span class='ocrx_word' id='word_1_190' title='bbox 578 3252 669 3352; x_wconf 92' lang='lat' dir='ltr'><strong>quod</strong></span> <span class='ocrx_word' id='word_1_191' title='bbox 706 3252 850 3325; x_wconf 84' lang='lat' dir='ltr'><strong>affirmet</strong></span> <span class='ocrx_word' id='word_1_192' title='bbox 883 3251 1020 3326; x_wconf 89' lang='lat' dir='ltr'><strong>nonnisi</strong></span> <span class='ocrx_word' id='word_1_193' title='bbox 1052 3252 1156 3327; x_wconf 86' lang='lat' dir='ltr'><strong>valde</strong></span> <span class='ocrx_word' id='word_1_194' title='bbox 1190 3276 1256 3327; x_wconf 90' lang='lat' dir='ltr'><strong>sero</strong></span> 
     </span>
     <span class='ocr_line' id='line_1_27' title="bbox 146 3366 1257 3467; baseline -0.001 -27"><span class='ocrx_word' id='word_1_195' title='bbox 146 3368 316 3467; x_wconf 87' lang='lat' dir='ltr'><strong>caeperint</strong></span> <span class='ocrx_word' id='word_1_196' title='bbox 341 3367 413 3440; x_wconf 91' lang='lat' dir='ltr'><strong>dari</strong></span> <span class='ocrx_word' id='word_1_197' title='bbox 444 3367 486 3441; x_wconf 89' lang='lat' dir='ltr'><strong>ab</strong></span> <span class='ocrx_word' id='word_1_198' title='bbox 517 3366 700 3466; x_wconf 87' lang='lat' dir='ltr'><strong>apostolica</strong></span> <span class='ocrx_word' id='word_1_199' title='bbox 730 3367 812 3440; x_wconf 87' lang='lat' dir='ltr'><strong>sede</strong></span> <span class='ocrx_word' id='word_1_200' title='bbox 842 3368 1119 3467; x_wconf 89' lang='lat' dir='ltr'><strong>dispensationes</strong></span> <span class='ocrx_word' id='word_1_201' title='bbox 1151 3367 1257 3442; x_wconf 89' lang='lat' dir='ltr'><strong>matri-</strong></span> 
     </span>
    </p>
   </div>
   <div class='ocr_carea' id='block_1_4' title="bbox 145 3482 1258 3699">
    <p class='ocr_par' dir='ltr' id='par_1_6' title="bbox 145 3482 1258 3699">
     <span class='ocr_line' id='line_1_28' title="bbox 145 3482 1258 3584; baseline 0.001 -27"><span class='ocrx_word' id='word_1_202' title='bbox 145 3483 331 3571; x_wconf 88' lang='lat' dir='ltr'><strong>moniales,</strong></span> <span class='ocrx_word' id='word_1_203' title='bbox 359 3500 397 3556; x_wconf 91' lang='lat' dir='ltr'><strong>ut</strong></span> <span class='ocrx_word' id='word_1_204' title='bbox 421 3483 502 3557; x_wconf 90' lang='lat' dir='ltr'><strong>inde</strong></span> <span class='ocrx_word' id='word_1_205' title='bbox 535 3482 749 3581; x_wconf 79' lang='lat' dir='ltr'><strong>colligatius</strong></span> <span class='ocrx_word' id='word_1_206' title='bbox 775 3483 998 3584; x_wconf 89' lang='lat' dir='ltr'><strong>dispensandi</strong></span> <span class='ocrx_word' id='word_1_207' title='bbox 1033 3509 1104 3558; x_wconf 91' lang='lat' dir='ltr'><strong>ncn</strong></span> <span class='ocrx_word' id='word_1_208' title='bbox 1140 3484 1183 3558; x_wconf 89' lang='lat' dir='ltr'><strong>ad</strong></span> <span class='ocrx_word' id='word_1_209' title='bbox 1212 3508 1258 3557; x_wconf 88' lang='lat' dir='ltr'><strong>ec·</strong></span> 
     </span>
     <span class='ocr_line' id='line_1_29' title="bbox 146 3596 1258 3699; baseline 0.004 -31"><span class='ocrx_word' id='word_1_210' title='bbox 146 3596 300 3683; x_wconf 89' lang='lat' dir='ltr'><strong>olesiam,</strong></span> <span class='ocrx_word' id='word_1_211' title='bbox 330 3598 391 3669; x_wconf 89' lang='lat' dir='ltr'><strong>sed</strong></span> <span class='ocrx_word' id='word_1_212' title='bbox 422 3596 465 3670; x_wconf 92' lang='lat' dir='ltr'><strong>ad</strong></span> <span class='ocrx_word' id='word_1_213' title='bbox 495 3596 627 3670; x_wconf 83' lang='lat' dir='ltr'><strong>civilem</strong></span> <span class='ocrx_word' id='word_1_214' title='bbox 659 3597 889 3672; x_wconf 89' lang='lat' dir='ltr'><strong>auctoritatem</strong></span> <span class='ocrx_word' id='word_1_215' title='bbox 916 3597 1101 3694; x_wconf 86' lang='lat' dir='ltr'><strong>originaria</strong></span> <span class='ocrx_word' id='word_1_216' title='bbox 1133 3614 1258 3699; x_wconf 86' lang='lat' dir='ltr'><strong>specta·</strong></span> 
     </span>
    </p>
   </div>
   <div class='ocr_carea' id='block_1_5' title="bbox 145 3841 1260 4386">
    <p class='ocr_par' dir='ltr' id='par_1_7' title="bbox 219 3841 1257 3903">
     <span class='ocr_line' id='line_1_30' title="bbox 219 3841 1257 3903; baseline -0.006 -11"><span class='ocrx_word' id='word_1_217' title='bbox 219 3842 286 3903; x_wconf 78' lang='lat' dir='ltr'><strong>(att)</strong></span> <span class='ocrx_word' id='word_1_218' title='bbox 302 3841 377 3891; x_wconf 84' lang='lat' dir='ltr'><strong>Paulo</strong></span> <span class='ocrx_word' id='word_1_219' title='bbox 392 3843 449 3892; x_wconf 85' lang='lat' dir='ltr'><strong>ante</strong></span> <span class='ocrx_word' id='word_1_220' title='bbox 465 3841 539 3892; x_wconf 84' lang='lat' dir='ltr'><strong>verbu</strong></span> <span class='ocrx_word' id='word_1_221' title='bbox 554 3841 682 3892; x_wconf 85' lang='lat' dir='ltr'><strong>retulimus</strong></span> <span class='ocrx_word' id='word_1_222' title='bbox 698 3841 807 3892; x_wconf 84' lang='lat' dir='ltr'><strong>chronici</strong></span> <span class='ocrx_word' id='word_1_223' title='bbox 821 3841 977 3891; x_wconf 68' lang='lat' dir='ltr'><strong>virdunensis</strong></span> <span class='ocrx_word' id='word_1_224' title='bbox 986 3841 1018 3891; x_wconf 90' lang='lat' dir='ltr'><strong>ad</strong></span> <span class='ocrx_word' id='word_1_225' title='bbox 1031 3841 1081 3891; x_wconf 82' lang='lat' dir='ltr'><strong>hoc</strong></span> <span class='ocrx_word' id='word_1_226' title='bbox 1090 3841 1257 3893; x_wconf 69' lang='lat' dir='ltr'><strong>amonem</strong></span> 
     </span>
    </p>

    <p class='ocr_par' dir='ltr' id='par_1_8' title="bbox 145 3919 1260 4223">
     <span class='ocr_line' id='line_1_31' title="bbox 221 3919 1259 3987; baseline -0.003 -16"><span class='ocrx_word' id='word_1_227' title='bbox 221 3922 286 3984; x_wconf 73' lang='lat' dir='ltr'><strong>(tta)</strong></span> <span class='ocrx_word' id='word_1_228' title='bbox 302 3922 343 3972; x_wconf 87' lang='lat' dir='ltr'><strong>Sic</strong></span> <span class='ocrx_word' id='word_1_229' title='bbox 359 3923 425 3972; x_wconf 89' lang='lat' dir='ltr'><strong>enim</strong></span> <span class='ocrx_word' id='word_1_230' title='bbox 440 3922 596 3987; x_wconf 83' lang='lat' dir='ltr'><strong>prosequitur</strong></span> <span class='ocrx_word' id='word_1_231' title='bbox 613 3923 659 3972; x_wconf 86' lang='lat' dir='ltr'><strong>loc.</strong></span> <span class='ocrx_word' id='word_1_232' title='bbox 674 3924 716 3972; x_wconf 83' lang='lat' dir='ltr'><strong>cil.</strong></span> <span class='ocrx_word' id='word_1_233' title='bbox 728 3943 740 3965; x_wconf 75' lang='grc' dir='ltr'><strong>«ι</strong></span> <span class='ocrx_word' id='word_1_234' title='bbox 750 3925 773 3971; x_wconf 84' lang='lat' dir='ltr'><strong>n·</strong></span> <span class='ocrx_word' id='word_1_235' title='bbox 790 3922 818 3972; x_wconf 86' lang='lat' dir='ltr'><strong>to</strong></span> <span class='ocrx_word' id='word_1_236' title='bbox 832 3924 917 3972; x_wconf 81' lang='lat' dir='ltr'><strong>storto</strong></span> <span class='ocrx_word' id='word_1_237' title='bbox 932 3934 983 3971; x_wconf 83' lang='lat' dir='ltr'><strong>ooo</strong></span> <span class='ocrx_word' id='word_1_238' title='bbox 997 3921 1119 3985; x_wconf 77' lang='lat' dir='ltr'><strong>otperto</strong></span> <span class='ocrx_word' id='word_1_239' title='bbox 1130 3919 1259 3987; x_wconf 79' lang='lat' dir='ltr'><strong>ptaldtdi·</strong></span> 
     </span>
     <span class='ocr_line' id='line_1_32' title="bbox 145 4000 1260 4064; baseline 0.001 -15"><span class='ocrx_word' id='word_1_240' title='bbox 145 4012 240 4064; x_wconf 77' lang='lat' dir='ltr'><strong>sponso</strong></span> <span class='ocrx_word' id='word_1_241' title='bbox 254 4002 313 4052; x_wconf 84' lang='lat' dir='ltr'><strong>data</strong></span> <span class='ocrx_word' id='word_1_242' title='bbox 327 4002 365 4064; x_wconf 85' lang='lat' dir='ltr'><strong>pel</strong></span> <span class='ocrx_word' id='word_1_243' title='bbox 386 4002 554 4064; x_wconf 85' lang='lat' dir='ltr'><strong>matrimonio,</strong></span> <span class='ocrx_word' id='word_1_244' title='bbox 573 4015 614 4052; x_wconf 90' lang='lat' dir='ltr'><strong>ma</strong></span> <span class='ocrx_word' id='word_1_245' title='bbox 628 4001 655 4051; x_wconf 87' lang='lat' dir='ltr'><strong>di</strong></span> <span class='ocrx_word' id='word_1_246' title='bbox 671 4002 835 4053; x_wconf 75' lang='lat' dir='ltr'><strong>aasoioztortc</strong></span> <span class='ocrx_word' id='word_1_247' title='bbox 849 4000 882 4050; x_wconf 82' lang='lat' dir='ltr'><strong>da</strong></span> <span class='ocrx_word' id='word_1_248' title='bbox 896 4001 1067 4051; x_wconf 88' lang='lat' dir='ltr'><strong>sccmmunica</strong></span> <span class='ocrx_word' id='word_1_249' title='bbox 1086 4001 1188 4053; x_wconf 79' lang='lat' dir='ltr'><strong>interita</strong></span> <span class='ocrx_word' id='word_1_250' title='bbox 1201 4001 1225 4052; x_wconf 80' lang='lat' dir='ltr'><strong>al</strong></span> <span class='ocrx_word' id='word_1_251' title='bbox 1238 4012 1260 4050; x_wconf 83' lang='lat' dir='ltr'><strong>rc</strong></span> 
     </span>
     <span class='ocr_line' id='line_1_33' title="bbox 147 4080 1260 4146; baseline 0 -16"><span class='ocrx_word' id='word_1_252' title='bbox 147 4080 243 4144; x_wconf 82' lang='lat' dir='ltr'><strong>Filippo</strong></span> <span class='ocrx_word' id='word_1_253' title='bbox 254 4080 284 4131; x_wconf 78' lang='lat' dir='ltr'><strong>cd</strong></span> <span class='ocrx_word' id='word_1_254' title='bbox 296 4096 310 4131; x_wconf 86' lang='lat' dir='ltr'><strong>a</strong></span> <span class='ocrx_word' id='word_1_255' title='bbox 321 4082 440 4133; x_wconf 86' lang='lat' dir='ltr'><strong>Bertrada</strong></span> <span class='ocrx_word' id='word_1_256' title='bbox 459 4096 502 4146; x_wconf 86' lang='lat' dir='ltr'><strong>par</strong></span> <span class='ocrx_word' id='word_1_257' title='bbox 523 4086 609 4146; x_wconf 83' lang='lat' dir='ltr'><strong>questo</strong></span> <span class='ocrx_word' id='word_1_258' title='bbox 628 4083 681 4133; x_wconf 91' lang='lat' dir='ltr'><strong>lcro</strong></span> <span class='ocrx_word' id='word_1_259' title='bbox 701 4082 872 4144; x_wconf 84' lang='lat' dir='ltr'><strong>matrimonio,</strong></span> <span class='ocrx_word' id='word_1_260' title='bbox 893 4083 1094 4133; x_wconf 73' lang='lat' dir='ltr'><strong>contesseratio</strong></span> <span class='ocrx_word' id='word_1_261' title='bbox 1113 4083 1260 4146; x_wconf 58' lang='lat' dir='ltr'><strong>munnae</strong></span> 
     </span>
     <span class='ocr_line' id='line_1_34' title="bbox 146 4159 332 4223; baseline 0.022 -16"><span class='ocrx_word' id='word_1_262' title='bbox 146 4159 173 4208; x_wconf 86' lang='lat' dir='ltr'><strong>di</strong></span> <span class='ocrx_word' id='word_1_263' title='bbox 186 4161 332 4223; x_wconf 78' lang='lat' dir='ltr'><strong>seperursi.»</strong></span> 
     </span>
    </p>

    <p class='ocr_par' dir='ltr' id='par_1_9' title="bbox 148 4241 1259 4386">
     <span class='ocr_line' id='line_1_35' title="bbox 221 4241 1259 4306; baseline -0.001 -16"><span class='ocrx_word' id='word_1_264' title='bbox 221 4241 287 4302; x_wconf 75' lang='lat' dir='ltr'><strong>(tic)</strong></span> <span class='ocrx_word' id='word_1_265' title='bbox 302 4244 360 4292; x_wconf 81' lang='lat' dir='ltr'><strong>Loc.</strong></span> <span class='ocrx_word' id='word_1_266' title='bbox 375 4242 417 4293; x_wconf 90' lang='lat' dir='ltr'><strong>cit.</strong></span> <span class='ocrx_word' id='word_1_267' title='bbox 433 4242 523 4306; x_wconf 74' lang='lat' dir='ltr'><strong>quilius</strong></span> <span class='ocrx_word' id='word_1_268' title='bbox 536 4243 625 4294; x_wconf 82' lang='lat' dir='ltr'><strong>alludit</strong></span> <span class='ocrx_word' id='word_1_269' title='bbox 640 4243 671 4293; x_wconf 84' lang='lat' dir='ltr'><strong>ari</strong></span> <span class='ocrx_word' id='word_1_270' title='bbox 693 4243 766 4294; x_wconf 81' lang='lat' dir='ltr'><strong>verba</strong></span> <span class='ocrx_word' id='word_1_271' title='bbox 785 4256 814 4294; x_wconf 80' lang='lat' dir='ltr'><strong>en</strong></span> <span class='ocrx_word' id='word_1_272' title='bbox 829 4257 850 4294; x_wconf 86' lang='lat' dir='ltr'><strong>a.</strong></span> <span class='ocrx_word' id='word_1_273' title='bbox 862 4242 955 4305; x_wconf 79' lang='lat' dir='ltr'><strong>cyrillo</strong></span> <span class='ocrx_word' id='word_1_274' title='bbox 972 4242 1049 4293; x_wconf 81' lang='lat' dir='ltr'><strong>relata</strong></span> <span class='ocrx_word' id='word_1_275' title='bbox 1069 4257 1085 4295; x_wconf 85' lang='grc' dir='ltr'>ι</span> <span class='ocrx_word' id='word_1_276' title='bbox 1105 4245 1220 4296; x_wconf 67' lang='lat' dir='ltr'><strong>Paeonii</strong></span> <span class='ocrx_word' id='word_1_277' title='bbox 1231 4245 1259 4292; x_wconf 86' lang='lat' dir='ltr'><strong>tr.</strong></span> 
     </span>
     <span class='ocr_line' id='line_1_36' title="bbox 148 4321 604 4386; baseline 0.002 -17"><span class='ocrx_word' id='word_1_278' title='bbox 148 4332 259 4383; x_wconf 80' lang='lat' dir='ltr'><strong>quaeque</strong></span> <span class='ocrx_word' id='word_1_279' title='bbox 280 4334 324 4370; x_wconf 91' lang='lat' dir='ltr'><strong>nos</strong></span> <span class='ocrx_word' id='word_1_280' title='bbox 341 4322 402 4372; x_wconf 86' lang='lat' dir='ltr'><strong>alias</strong></span> <span class='ocrx_word' id='word_1_281' title='bbox 422 4321 604 4386; x_wconf 83' lang='lat' dir='ltr'><strong>descripsimus.</strong></span> 
     </span>
    </p>
   </div>
   <div class='ocr_carea' id='block_1_6' title="bbox 0 0 1411 5062">
    <p class='ocr_par' dir='ltr' id='par_1_10' title="bbox 0 0 1411 5062">
     <span class='ocr_line' id='line_1_37' title="bbox 0 0 1411 5062; baseline 0 0"><span class='ocrx_word' id='word_1_282' title='bbox 0 0 1411 5062; x_wconf 95' lang='lat' dir='ltr'><strong> </strong></span> 
     </span>
    </p>
   </div>
  </div>
 </body>
</html>
