2804 5062
246 333 314 409 300
482 354 544 407 nro.
565 357 601 406 ιι.
624 355 709 407 sacr.
731 357 754 406 1.
776 355 816 405 nr
834 354 960 406 rorrsr.
982 352 1109 406 rccxxs.

243 477 347 552 menti
375 465 641 575 significatione,
670 474 760 575 quod
785 490 896 550 tamen
922 475 989 548 dici
1015 501 1082 548 non
1111 475 1298 573 potuisset,
1325 475 1353 547 si

242 590 375 669 illorum
405 591 654 666 matrimonium
679 616 740 690 per
764 589 970 688 baptismum
994 616 1061 663 non
1087 590 1213 664 luisset
1238 588 1281 662 ad
1306 615 1356 663 aa·

242 707 404 782 crementi
421 706 618 805 dignitatem
636 721 799 779 evectum.
817 704 982 791 Quocirca
996 707 1025 778 si
1039 704 1279 803 ephesiorum,
1300 731 1356 779 seu

242 823 279 895 in
304 847 426 921 genere
450 821 638 895 infidelium
656 821 850 918 coniugium
868 846 927 920 per
943 819 1113 921 baptisma
1131 819 1292 893 ellectum
1309 837 1358 894 est

243 960 322 1017 vere
345 949 380 1009 et
402 935 537 1037 pmprie
562 952 834 1015 sacramentum,
862 960 928 1007 non
963 933 1162 1031 intelligitur
1188 934 1355 1034 quomodo

243 1049 311 1125 tale
334 1048 407 1124 lieri
428 1049 552 1151 pariter
576 1074 642 1124 non
665 1049 776 1150 possit
799 1050 992 1147 coniugium
1014 1048 1170 1137 illorum,
1192 1051 1253 1150 qni
1272 1076 1361 1123 nune

243 1190 285 1239 ex
317 1162 515 1240 infidelitate
547 1164 591 1239 ad
620 1164 791 1239 Christum
825 1181 1061 1239 convertuntur
1097 1165 1357 1265 suscipiuntque

244 1277 426 1380 baptisma.

317 1397 508 1471 Praeterea:
526 1414 694 1498 receptum
713 1414 776 1486 est,
789 1414 827 1472 ut
843 1398 1092 1472 matrimonium
1110 1396 1353 1496 baptizatorum

243 1508 398 1587 absolute
422 1528 659 1586 sacromentum
684 1529 917 1614 nuncupetur,
946 1513 1097 1612 adeoque
1123 1537 1193 1586 non
1220 1526 1352 1612 possunt

245 1624 289 1701 ad
313 1625 416 1700 fidem
442 1628 594 1702 conversi
619 1627 748 1728 absque
772 1627 918 1701 evidenti
945 1627 1073 1701 ratione
1098 1624 1238 1699 excludi
1262 1652 1283 1699 a
1304 1651 1350 1699 sa·

244 1741 439 1818 ommentali
459 1743 567 1841 gratia
583 1744 719 1817 omnino
738 1745 932 1817 necessaria
947 1742 990 1817 ad
1010 1757 1119 1817 status
1137 1740 1244 1815 huius
1261 1765 1348 1816 onera

245 1854 388 1930 fideliter
408 1856 626 1945 sustinenda,
647 1883 688 1931 eo
704 1858 758 1931 vel
778 1859 888 1955 magis
906 1857 996 1957 quod
1018 1856 1120 1954 longe
1136 1857 1348 1955 grauioraue

244 1968 360 2044 cidant
382 1970 548 2045 eiusmodi
573 1996 675 2045 onera
701 1971 745 2046 iis
770 1972 829 2072 qui
856 1998 897 2045 ex
921 1970 1120 2044 infidelitate
1137 1971 1183 2045 ud
1202 1972 1301 2044 fidem
1320 1996 1348 2044 se

246 2084 437 2185 recipiunt,
469 2112 571 2185 quam
601 2087 664 2174 iis,
693 2087 752 2187 qui
780 2113 912 2187 semper
937 2085 1055 2160 fideles
1081 2086 1290 2175 extiterunt,
1315 2083 1349 2161 ob

244 2197 368 2300 pravas
398 2202 667 2302 inveterataeque
698 2203 959 2278 consuetudines
992 2201 1117 2304 quibus
1148 2202 1287 2277 fuerunt
1310 2199 1349 2274 illi

230 2341 330 2416 sprae
364 2316 440 2391 istis
468 2316 617 2391 obnoxii.
650 2311 750 2390 llaec
766 2342 845 2391 vero
870 2343 988 2390 novam
1016 2317 1126 2390 lucem
1159 2318 1348 2418 acquirunt,

246 2432 278 2506 si
302 2431 461 2520 addatur,
489 2433 581 2506 iuxta
605 2433 867 2506 communiorem
888 2458 1068 2532 veramque
1093 2435 1297 2508 sententiam
1315 2432 1351 2504 de

245 2542 522 2620 contrahentibus
556 2546 738 2632 ministris,
772 2547 806 2617 in
837 2547 977 2620 istorum
1004 2546 1253 2646 baptizatorum
1283 2573 1351 2621 con·

245 2661 337 2759 iugio
363 2660 447 2733 nihil
473 2687 589 2735 eorum
614 2661 754 2747 deesse,
780 2688 867 2761 quae
892 2662 935 2734 ad
961 2678 1213 2736 sacramentum
1239 2663 1352 2737 consti·

245 2776 406 2850 tuendum
433 2777 649 2876 requiruntur
674 2793 707 2849 et
733 2777 925 2863 sufficiunt,
961 2779 1160 2864 materiam,
1192 2779 1348 2861 sormam,

244 2890 439 2977 ministros;
465 2890 568 2990 idque
589 2893 756 2990 apertius,
777 2893 807 2964 si
827 2907 1001 2965 renovetur
1026 2918 1217 2966 consensus
1234 2910 1267 2967 et
1282 2919 1351 2966 con·

245 3022 370 3080 tractus
391 3007 590 3104 coniugalis.
612 3008 688 3080 Dixi
708 3011 878 3106 apertius,
899 3034 976 3080 nam
994 3006 1167 3096 absolute,
1193 3007 1349 3083 eiusmodi

244 3121 362 3196 saltem
381 3148 542 3220 expressa
559 3124 746 3210 renovatio,
768 3123 958 3197 necessaria
974 3150 1041 3197 non
1059 3139 1133 3212 est,
1155 3125 1350 3224 quandoque

245 3240 346 3313 etiam
373 3266 439 3315 non
454 3240 662 3339 expediens.

320 3355 370 3428 Ad
391 3355 476 3428 haec
497 3356 626 3429 accedit
650 3355 740 3453 qnod
762 3382 802 3429 ex
823 3382 898 3455 cap.
917 3356 1101 3441 Quomodo
1120 3356 1350 3429 divortiisma-

245 3471 438 3545 trimonium
460 3470 648 3544 infidelium
665 3497 778 3543 oerum
794 3471 931 3570 quidem
950 3472 1098 3558 dicatur,
1115 3498 1177 3546 seu
1190 3471 1346 3551 validum,

244 3602 279 3661 at
304 3613 372 3660 non
396 3602 521 3672 rutum,
552 3587 616 3660 hoc
641 3602 783 3659 estnon
809 3587 1002 3661 omnimodo
1026 3588 1159 3660 lirmum
1186 3613 1229 3660 ao
1255 3586 1348 3660 indis

244 3699 408 3789 solubile,
436 3703 482 3775 ita
507 3715 545 3773 ut
570 3700 736 3773 interdum
755 3700 894 3774 dissolvi
915 3717 1077 3800 nequeat,
1099 3702 1291 3777 cuiusmodi
1308 3714 1348 3774 est

244 3815 437 3912 coniugium
464 3797 732 3888 consummatum
758 3814 921 3887 fidelium.
943 3817 985 3890 Et
1006 3843 1088 3890 sane
1109 3817 1146 3888 in
1166 3817 1346 3892 alterutrius

245 3929 398 4027 coniugis
431 3930 580 4005 infidelis
606 3931 824 4004 conversione
849 3931 892 4004 ad
919 3929 1044 4018 fidem,
1072 3932 1177 4008 altero
1213 3929 1344 4008 converti

245 4042 397 4131 nolente,
423 4045 563 4120 dissolvi
590 4061 712 4146 potest.
729 4047 771 4117 At
795 4073 873 4119 vero
898 4065 975 4145 post
1001 4048 1143 4121 istorum
1168 4046 1344 4122 conversio

245 4183 322 4234 nem
346 4159 538 4257 coniugium
565 4161 653 4234 hanc
671 4161 822 4235 eamdem
848 4161 1036 4236 absolutam
1063 4161 1276 4248 firmitatem,
1303 4162 1343 4230 in-

245 4270 606 4375 dissolubilitatomque
623 4276 826 4376 assequitur.
845 4275 953 4362 Quam
970 4277 1107 4376 quidem
1120 4279 1340 4377 proprietatem
