2804 5062
108 369 1052 441 cinniorum.rcrrsr.rainerus.prraourrnmnrs.
1093 348 1160 422 tri

61 522 109 594 gr.
134 511 250 570 essent
273 509 461 569 contractus
489 490 686 592 emptionis,
715 489 938 577 venditionis,
971 487 1160 578 locutionis,

60 609 221 707 bonorum
239 608 462 711 pupillorum,
478 605 750 708 praescriptionis
764 661 772 692 ,
788 603 997 704 aliorumque
1008 604 1043 678 id
1057 629 1166 702 genus
1185 600 1187 604 ’

60 724 224 826 plurima,
252 725 294 798 de
319 722 441 824 quibus
465 721 519 795 lex
544 722 720 796 decernere
741 720 829 794 ualet
850 719 894 795 cb
916 745 1093 795 commune
1108 745 1169 795 so·

60 841 190 915 cietatis
214 840 338 914 bonum
361 842 449 936 (13).
466 837 508 912 ht
526 837 602 912 talis
622 863 688 911 non
713 851 765 911 est
788 851 903 923 actus,
926 860 994 936 quo
1015 834 1093 933 quis
1110 860 1167 910 as·

60 955 204 1030 sentitur
227 955 270 1028 ad
295 981 334 1029 se
357 952 490 1029 vinculo
518 950 710 1026 connubiali
736 977 813 1025 cum
838 950 941 1025 alters
966 965 1056 1025 arcto
1080 949 1168 1039 adeo

60 1095 147 1143 nexu
171 1066 464 1166 (coniungendam,
494 1083 532 1139 ut
555 1065 676 1140 exinde
700 1090 805 1137 unum
830 1064 1065 1165 quadantenus
1089 1088 1167 1139 curn

59 1182 125 1257 alio
143 1182 329 1269 efficiatur,
357 1181 517 1255 tradendo
541 1180 636 1254 alteri
661 1179 811 1277 corporis
831 1178 884 1251 sui
906 1180 1115 1269 cessionem,
1134 1194 1169 1253 et

58 1295 211 1370 uicissim
236 1294 372 1370 alterius
397 1294 584 1370 cessionem
602 1292 806 1393 acceptando
823 1293 913 1368 unde
926 1292 1172 1380 iuraetollicia
1250 1390 1256 1396 „
1284 1343 1285 1346 =

60 1426 178 1484 mutua
201 1409 405 1484 exoriuntur.
1170 1486 1173 1491 Δ
1215 1498 1217 1502 Α
1281 1499 1291 1512 ,.
1306 1484 1313 1510 ,Ἴ

131 1523 175 1596 At
193 1521 390 1610 adversarii,
406 1522 520 1596 missis
542 1520 786 1623 philosophicis
805 1521 1059 1621 quaestionibus
1080 1522 1170 1597 eirca
1255 1542 1258 1549 ·

59 1639 228 1714 obiectum
252 1637 362 1712 civilis
387 1637 583 1738 potestatis,
599 1637 643 1710 ad
654 1636 829 1711 historiam
848 1635 1103 1711 matrimonialis
1119 1636 1169 1712 le-

60 1753 251 1853 gislationis
276 1769 468 1853 provocant.
488 1754 643 1840 Frustra,
668 1752 847 1851 inquiunt,
871 1751 1081 1828 contenditur
1091 1777 1170 1827 ma-

63 1868 213 1943 trimcnii
235 1866 406 1942 uinculum
421 1861 530 1942 civilis
548 1866 721 1967 potestatis
742 1865 910 1942 obiectum
922 1893 1077 1942 essenon
1091 1893 1166 1968 pos·
1250 1872 1251 1876 ’

61 2009 121 2058 se:
144 1983 404 2057 contrafactum
427 1998 624 2080 argumenta
647 1980 695 2054 nil
719 1980 844 2054 valent.
861 1981 932 2056 Iam
949 2008 1026 2056 vero
1043 1981 1168 2070 lactum

61 2114 116 2174 est
138 2099 365 2173 monumentis
390 2096 578 2195 omnigenis
604 2096 886 2197 iurisprudentiae
912 2097 1167 2196 consignatum,

61 2238 215 2312 paganos
240 2212 411 2313 principes
443 2211 658 2286 consuevisse
681 2210 772 2308 leges
797 2209 912 2301 lerre,
940 2237 1028 2311 quae
1057 2213 1172 2301 matri-
1217 2229 1220 2234 ’

62 2328 169 2403 monii
181 2327 352 2403 vinculum
369 2329 586 2427 attingerent,
607 2326 883 2426 conditionesque
901 2328 1077 2415 statuisse,
1098 2329 1172 2429 qai·

62 2441 129 2517 hus
153 2441 388 2518 deficientibus
412 2443 507 2516 irrita
531 2467 669 2542 prorsus
687 2466 727 2515 ac
743 2441 836 2514 nulla
859 2457 974 2516 essent
997 2443 1168 2541 coniugia,

62 2582 126 2631 seu
151 2555 228 2631 aliis
248 2556 361 2632 verbis
386 2556 641 2656 impedimenta,
666 2580 754 2654 quae
775 2580 838 2630 nos
862 2555 1054 2630 dirimentis
1072 2581 1173 2633 roca·

63 2696 162 2758 mus,
189 2671 359 2770 principes
384 2669 457 2745 suis
482 2669 613 2768 legibus
637 2669 867 2744 constituisse.

138 2786 182 2860 llt
205 2785 400 2860 huiusmodi
423 2783 606 2859 difficultas
631 2785 765 2884 penitus
789 2799 971 2873 evertatur,
996 2810 1058 2861 nos
1075 2811 1173 2886 repo-

63 2900 179 2975 nimus
197 2900 368 3001 principes
393 2900 465 2974 suis
489 2900 620 2997 legibus
646 2900 771 2999 quibus
795 2901 980 2976 aduersarii
1001 2916 1173 3001 tantopere

64 3014 196 3103 fidunt,
221 3015 435 3090 matrimonia
458 3040 525 3088 non
549 3015 649 3090 modo
674 3041 741 3090 non
770 3017 939 3104 irritasse,
968 3016 1029 3090 sed
1063 3042 1173 3116 neque

63 3130 101 3202 in
127 3129 241 3204 animo
265 3129 301 3202 id
326 3128 512 3216 habuisse,
540 3154 649 3228 neque
675 3145 834 3205 tentasse.

138 3245 241 3319 Sane:
267 3242 351 3318 illud
375 3242 528 3317 infideles
547 3244 718 3344 principes
738 3243 869 3318 allicere
889 3271 955 3318 non
977 3260 1168 3344 potuerunt,

64 3359 169 3433 immo
195 3385 257 3433 nec
282 3376 430 3447 tentare,
462 3359 560 3433 cuius
585 3357 711 3432 nullam
737 3357 905 3432 habebant
934 3359 1052 3433 ideam.
1081 3359 1173 3434 lleli·

139 3657 190 3721 (rt)
205 3657 235 3708 ld
243 3659 310 3722 patet
318 3671 348 3709 ex
360 3656 689 3721 damnatorumque
701 3656 829 3708 intercedit
840 3658 904 3708 inter
916 3657 1009 3708 ceteros
1019 3657 1172 3720 contractus,

64 3739 92 3787 et
110 3735 262 3799 maissiam.
275 3736 316 3787 ilii
326 3736 569 3787 enimsnntcmnino
579 3735 740 3800 temporales,
756 3749 801 3786 nee
815 3749 857 3800 per
872 3748 899 3786 se
916 3736 948 3786 sd
964 3736 1056 3787 bonum
1066 3735 1174 3789 heminis

64 3815 197 3880 spirituale
211 3818 361 3880 spectantes,
381 3816 473 3879 quique
491 3816 560 3866 natio
578 3816 631 3866 iure
649 3815 994 3879 divinc,sedabhcminibus
1007 3819 1104 3868 tautum
1116 3818 1175 3869 sunt

63 3894 190 3956 instituti,
206 3908 277 3945 secus
286 3908 314 3945 ac
323 3896 356 3945 sit
366 3894 451 3945 ioedcs
462 3894 621 3957 connubiale,
634 3897 662 3945 ut
672 3895 789 3946 vidimus.
802 3897 918 3959 Adeoque
931 3898 1011 3960 potest
1025 3898 1096 3960 plura
1109 3895 1174 3960 prin·

62 3986 123 4039 ceps
137 3972 268 4026 wermere
282 3974 348 4024 eirca
366 3974 423 4025 ilios
438 3976 577 4025 ecnhsctus
586 3987 616 4025 ae
626 3975 699 4024 etism
715 3974 799 4026 irritos
808 3975 887 4026 iacere
900 3978 985 4039 utpote
995 3976 1108 4039 potestati
1121 3977 1175 4027 rins

64 4053 205 4116 wmxics,
223 4054 256 4104 nd
273 4067 403 4105 commum
419 4054 526 4118 bonum,
544 4054 576 4104 sd
598 4055 715 4105 imtitiem
734 4057 760 4105 et
778 4056 925 4119 aequitatem
942 4055 1107 4120 sanandam,
1124 4067 1176 4108 non

65 4135 153 4184 nutem
172 4131 279 4197 idipsum
299 4133 379 4196 potest
399 4134 465 4185 eirca
480 4134 682 4196 munimentum,
700 4135 768 4198 quod
785 4139 810 4186 et
827 4136 852 4185 in
870 4148 897 4186 se
918 4138 944 4187 et
959 4136 1054 4187 ratione
1070 4135 1126 4187 linis
1141 4135 1176 4187 el·

64 4213 139 4264 ticris
155 4212 228 4277 longe
240 4213 335 4264 ordinis
355 4215 409 4274 est,
427 4215 455 4264 ut
468 4214 576 4278 pensita
595 4214 704 4278 principe
722 4214 805 4278 quoad
824 4215 878 4266 eius
897 4214 1059 4268 mbstantism
1076 4216 1172 4280 “haga

65 4293 105 4345 ct.
114 4292 206 4344 aaron
218 4306 258 4357 cp.
269 4292 311 4343 eit.
322 4305 347 4342 n.
357 4300 410 4344 tit.
