2804 5062
116 347 187 394 cur.
200 346 236 396 ιι.
250 346 290 397 ιι
303 345 411 397 roras.
426 346 528 397 ιιιιιο.
543 348 604 398 ιιι.
617 349 680 397 orn.
694 349 788 399 narn.
802 349 923 411 cannr.
936 351 1006 417 ιιι.
1018 351 1053 401 ιι.
1097 330 1166 403 388

56 488 162 563 quam
188 477 343 562 poterunt
365 463 535 539 seculares
561 466 733 564 principes
756 469 853 561 (ot),
881 466 941 545 sed
967 466 1040 543 sola
1064 469 1170 549 οοοΙο·Ι

55 579 109 651 sia
135 577 192 651 cui
218 577 301 651 haec
328 593 465 663 tantum·
480 595 629 678 potestas
647 607 668 652 a
685 579 819 655 Christo
844 581 921 679 ipso
944 580 1008 667 luit
1031 582 1166 672 collata,

56 695 141 767 Nam
167 708 358 767 contractus
381 694 543 769 naturalis
560 710 662 794 atque
679 695 814 769 divinus
832 695 956 786 simul,
979 696 1169 786 cuiusmodi

56 825 107 882 est
141 808 337 906 coniugium
362 834 470 885 asna
495 809 723 898 institutione,
754 827 791 885 nt
815 837 878 900 sno
902 811 975 887 loco
993 813 1167 903 uidimus,

57 950 76 997 a
94 922 262 1007 Dadsclo
279 924 352 999 sive
368 924 560 1001 immediate
578 925 648 999 sivo
660 927 829 1016 mediate3
858 954 925 1027 per·
939 929 1173 1007 anctoritatem

58 1059 181 1139 nenpe
193 1038 373 1137 spitualem
388 1040 457 1138 regi
472 1039 571 1115 debet
585 1041 697 1139 quoad
710 1038 932 1133 substantiam
946 1042 1170 1131 suam-Nulla

58 1153 169 1228 civilis
195 1170 346 1252 potestas
369 1155 501 1229 allicere
529 1155 634 1245 valet,
668 1173 704 1229 ut
729 1157 775 1230 sit
798 1156 925 1232 nullum
951 1185 992 1234 ac
1015 1159 1168 1248 irritum„

57 1267 146 1368 qnod
172 1267 229 1343 ius
255 1269 572 1344 naturaledivinnm
598 1272 795 1371 prevalido
820 1273 939 1363 habet,
973 1293 1031 1349 aut
1045 1300 1048 1307 ’
1061 1289 1172 1374 potest

57 1381 198 1456 reddere
222 1381 371 1456 ualidum
395 1384 486 1484 quod
507 1385 579 1457 iuro
600 1385 876 1462 naturalidivino
897 1387 1083 1463 invalidum
1099 1404 1167 1479 est.¹

57 1497 154 1584 Quod
173 1498 204 1570 si
222 1497 367 1572 ecclesia
384 1499 419 1573 id
437 1501 545 1573 facere
562 1501 669 1590 ualet,
695 1501 771 1577 ideo
788 1519 859 1588 est,
879 1504 960 1602 quia
984 1529 1073 1603 quae
1093 1503 1171 1604 'logo

57 1611 203 1687 naturali
222 1638 262 1687 ac
279 1613 395 1688 divina
411 1641 478 1689 non
496 1615 581 1690 satis
598 1616 818 1691 determinata
833 1633 929 1706 snut,
949 1643 990 1691 ea
1002 1618 1093 1694 Deus
1110 1645 1171 1718 par

56 1726 235 1803 ecclesium
258 1728 364 1805 voluit
386 1730 623 1819 determinari,
645 1757 684 1806 eo
703 1732 779 1830 ipso
797 1731 888 1831 qnod
906 1731 962 1805 hic
979 1748 1169 1809 contractus

60 1845 127 1918 iam
153 1861 400 1919 sacramentum
422 1845 561 1921 ellectum
585 1846 629 1920 ad
655 1872 708 1921 res
734 1870 849 1920 sacras
874 1846 1028 1945 pertinet.

129 1959 261 2047 Exinde
282 1960 430 2034 concidit
451 1963 535 2036 ratio
559 1962 704 2036 adducta
721 1988 742 2034 a
759 1961 944 2037 Sanchezio
967 1975 1001 2036 ct
1024 1961 1068 2035 ab
1092 1961 1169 2039 aliis

58 2074 238 2174 adoptata;
249 2075 331 2176 quia
344 2076 473 2152 scilieet
485 2078 568 2152 satis
583 2078 776 2176 prospicere
788 2090 898 2176 potest
910 2076 1068 2176 princeps
1081 2076 1170 2152 bono

56 2216 95 2264 ac
120 2190 358 2291 tranquillitati
383 2192 608 2292 reipublicae,
630 2193 660 2266 si
682 2191 875 2289 coniugium
899 2190 1030 2267 irritum
1048 2193 1166 2282 iaciat,

56 2321 225 2407 quatenus
250 2323 434 2383 contractos
459 2310 570 2382 civilis
593 2324 656 2393 cst,
687 2308 733 2380 ita
755 2324 791 2382 ut
812 2306 988 2382 aflectibus
1010 2304 1169 2383 cirssibns

56 2440 190 2511 careat,
212 2423 273 2525 qui
293 2439 410 2498 contra
431 2422 515 2522 legis
532 2423 644 2497 civilis
663 2423 920 2522 dispositionem
939 2423 1030 2497 ineat
1049 2423 1168 2498 coniu-

55 2542 169 2638 gium,
185 2554 218 2614 at
234 2540 270 2612 in
288 2540 360 2615 soro
377 2557 512 2614 externo
529 2554 696 2640 spectetur
713 2539 855 2639 perinde
866 2538 950 2613 acsi
963 2554 1171 2615 contractum

56 2682 124 2731 non
149 2656 291 2743 fnissat;
319 2656 423 2730 immo
448 2671 559 2756 potest
583 2656 742 2755 princeps
768 2655 887 2754 poenis
912 2679 972 2729 eos
997 2653 1167 2754 plectere,

56 2773 114 2871 qui
140 2771 217 2845 sine
242 2770 331 2846 iusta
355 2796 485 2857 causa,
515 2770 765 2870 praetermissis
791 2770 909 2866 alege
939 2769 1170 2845 sanctionibus

56 2884 141 2959 illud
158 2885 296 2973 inirent,
319 2911 380 2959 seu
402 2884 478 2959 aliis
495 2884 625 2958 vorbis:
646 2899 756 2984 potest
773 2884 910 2984 quidem
928 2884 1087 2985 prinosss
1110 2909 1171 2984 po-

55 3000 170 3076 liticus
194 3001 408 3075 matrimonia
429 3000 619 3099 prolibare,
640 3027 707 3074 non
733 3016 843 3074 autem
860 3001 1005 3073 irritare.
1028 3001 1095 3073 Nec
1111 3027 1170 3074 va-

57 3116 102 3190 let
127 3116 257 3216 paritas
282 3117 370 3190 inter
394 3131 601 3190 contractum
628 3115 838 3212 coniugalem
868 3129 1064 3213 ceterosque
1091 3139 1171 3189 con-

57 3246 202 3319 tractus,
223 3231 323 3331 quia,
349 3232 398 3304 uti
423 3232 525 3305 etiam
550 3230 778 3315 ostendimus,
807 3228 1071 3314 matrimonium,
1092 3227 1171 3301 dato

57 3347 149 3446 quod
167 3347 214 3421 sit
230 3362 420 3422 contractus
447 3372 563 3447 presse
584 3362 756 3445 sumptus,
780 3360 969 3418 contractus
993 3359 1102 3416 tamen
1119 3359 1172 3417 est

57 3463 240 3562 peculiaris
265 3488 305 3536 ac
330 3464 462 3560 generis
481 3462 553 3549 sui,
575 3460 844 3561 quemquaDeus
863 3457 928 3532 sibi
945 3457 1170 3532 ordinandum

56 3578 260 3664 reservavit,
276 3595 309 3652 et
320 3593 452 3652 constat
467 3603 508 3650 ex
525 3577 599 3649 eius
617 3574 844 3662 institutione,
864 3589 964 3673 atque
981 3599 1021 3646 ax
1038 3571 1170 3671 legibus

56 3693 184 3792 quibus
211 3691 306 3765 illum
331 3692 550 3766 communivit
575 3708 608 3765 et
633 3691 667 3761 in
693 3690 766 3788 lege
790 3706 951 3776 naturae,
979 3689 1071 3761 etin
1097 3687 1171 3786 lege

56 3809 203 3909 scripta,
227 3808 426 3907 praesertim
451 3833 530 3881 vero
555 3806 589 3878 in
609 3805 689 3904 xlege
715 3804 906 3903 evangelica
924 3831 983 3905 per
999 3802 1170 3877 Christum

53 3925 199 4023 eiusque
216 3922 404 4023 Apostolos.
433 3921 530 4008 Quod
556 3922 690 3995 additur
712 3921 755 3994 de
778 3937 967 4008 contractu,
996 3935 1095 4019 prout
1119 3934 1172 3994 est

55 4038 197 4114 materia
222 4038 422 4111 sacramenti
449 4037 492 4109 ad
518 4063 586 4109 rem
614 4063 679 4110 non
705 4036 802 4124 faoit;
825 4035 952 4110 laborat
976 4036 1065 4107 enim
1085 4034 1170 4109 salsa

129 4243 182 4306 (65)
195 4242 235 4293 cf.
247 4242 387 4293 Muzmrelli
396 4241 445 4292 Dal
458 4240 526 4291 boon
536 4254 583 4291 oso
594 4239 668 4291 detto
678 4239 770 4302 loono
782 4242 872 4305 opusc.
882 4241 969 4292 xxm.
979 4239 1028 4292 Del
1038 4241 1171 4293 controtto

54 4323 98 4375 rtet
113 4325 286 4376 matrimonio
302 4324 330 4373 ta
345 4323 446 4386 quanto
462 4323 636 4384 sacramento.
652 4321 751 4372 Fircnzc
765 4327 833 4376 rma.
844 4321 904 4372 tom.
914 4321 968 4372 vlt.
