2804 5062
179 368 1128 424 omnir.nnmnnenrmconrromuanimas.mro.
1175 351 1240 424 tii

128 490 204 565 dem
223 490 328 564 humo
351 488 537 588 memque
558 487 700 563 bumore
724 488 848 589 quibus
866 489 1001 590 plantae
1016 491 1241 581 vivificantur,

128 605 234 681 altera
249 603 660 691 erescitetloecundatur,
681 603 763 705 quia
775 630 883 704 capax
899 608 970 693 est,
985 604 1090 679 altera
1107 606 1244 693 amacii,

126 721 209 822 quia
227 735 361 795 mortua
379 736 432 793 est
451 733 486 793 et
503 717 717 792 infoecunda.
735 719 785 791 llx
805 718 939 794 duobus
959 720 1088 820 quibus
1104 748 1173 795 uno
1190 747 1247 795 eo-

127 836 277 937 demque
298 851 377 911 actu
402 834 573 910 confertur
597 833 787 923 absolutio,
814 834 900 910 alter
927 835 1037 934 gratia
1058 835 1247 910 vivificatur

125 950 386 1039 sacramentali,
411 949 497 1024 alter
519 955 599 1024 vero
629 977 868 1051 nequaquam,
898 950 1132 1052 dispositionis
1158 951 1249 1026 eius-

126 1067 206 1142 dem
230 1067 388 1154 delectu3
416 1081 451 1139 et
475 1066 522 1140 ita
547 1092 660 1166 porro.

201 1183 315 1271 Quum
339 1208 419 1257 vero
444 1182 529 1257 istae
554 1183 756 1284 praecipuae
781 1183 850 1257 sint
874 1182 1090 1258 difficultates
1120 1184 1247 1285 quibus

127 1299 216 1374 baec
240 1299 348 1373 thosis
372 1315 531 1396 urgetur,
558 1323 620 1370 nec
645 1314 756 1371 tamen
787 1297 917 1373 eisdem
949 1297 1139 1398 quatiatur,
1178 1298 1251 1373 iure

127 1413 324 1513 colligimus
346 1412 434 1488 banc
460 1440 523 1488 ceu
546 1413 712 1487 veriorem
738 1412 870 1488 admitti
896 1418 1009 1515 posse.
1178 1416 1181 1421 ⁴

203 1531 274 1604 llst
290 1529 374 1631 quid
393 1530 607 1604 sentiendum
625 1528 669 1602 de
686 1529 899 1604 matrimonio
916 1556 1032 1604 eorum
1058 1528 1249 1603 infidelium
1360 1524 1366 1534 ’

126 1672 168 1722 ex
193 1645 322 1747 quibus
348 1644 431 1719 alter
456 1643 495 1718 fit
518 1643 726 1718 christianus
750 1662 785 1718 et
808 1644 1018 1746 baptizatur,
1046 1646 1150 1719 altero
1168 1672 1250 1720 con-

130 1763 209 1862 iuge
234 1762 272 1834 in
299 1759 498 1835 infidelitate
523 1775 762 1860 permanente;
788 1761 910 1834 evadet
930 1787 973 1834 ne
990 1787 1031 1837 an
1048 1777 1143 1862 parte
1168 1762 1250 1836 oonss

128 1876 219 1952 tersi
244 1880 494 1950 sacramentum
516 1875 684 1950 eiusmodi
706 1872 928 1974 coniugium?
944 1875 1046 1974 llesp.
1067 1874 1247 1973 Nepotiane,

128 1993 212 2096 quia
237 1991 389 2092 alioquin
414 1980 482 2065 non
508 2007 625 2092 posset
640 1991 711 2065 ullo
728 1991 763 2063 in
781 1996 864 2064 casu
882 1990 1082 2079 dissociari,
1102 2005 1251 2069 attamen

126 2112 259 2185 mnam
283 2124 361 2196 est,
394 2108 486 2207 quod
512 2108 542 2183 si
567 2106 716 2181 infidelis
742 2123 819 2208 post
843 2106 982 2206 aliquod
1008 2123 1142 2206 tempus
1168 2106 1252 2181 nolit

127 2223 279 2327 amplius
297 2250 373 2298 cum
392 2240 487 2325 purte
505 2223 598 2298 fideli
618 2225 693 2297 sine
709 2223 834 2297 iniuria
851 2223 1017 2297 Crantoris
1034 2223 1249 2308 cohabitare,

130 2342 242 2442 possit
266 2340 459 2438 coniugium
478 2339 578 2428 solvi,
598 2340 647 2414 ita
663 2355 701 2413 ut
718 2338 829 2414 fidelis
856 2365 960 2414 novas
983 2337 1094 2413 valeat
1118 2337 1253 2412 contra·

130 2456 212 2532 bere
237 2457 388 2557 nuptias.
410 2456 572 2557 Adeoque
596 2456 715 2556 dispar
731 2471 783 2532 est
800 2455 885 2530 ratio
904 2455 1105 2539 intersum,
1126 2453 1185 2554 qui
1204 2452 1253 2527 le-

129 2573 250 2672 gitima
266 2571 510 2646 interveniente
526 2570 795 2671 dispensatione,
816 2569 1067 2643 matrimonium
1085 2568 1254 2643 contrabit

128 2693 207 2764 eum
233 2688 387 2775 infideli,
415 2704 448 2762 et
472 2713 571 2775 eum,
604 2687 663 2787 qui
689 2712 729 2760 ex
755 2686 953 2760 infidelitate
978 2683 1022 2759 ad
1048 2685 1148 2759 iidem
1175 2711 1254 2758 oon·

131 2806 287 2881 venitur.
317 2804 412 2878 lllius
442 2804 533 2877 enim
565 2804 761 2902 coniugium
786 2819 838 2877 est
862 2801 965 2902 plane
988 2800 1251 2887 indissolubile,

133 2922 233 2999 naun
254 2947 336 2996 vero
360 2921 612 2994 matrimonium
637 2921 778 2995 dissolvi
805 2935 929 3020 potest,
960 2918 1113 3017 adeoque
1137 2917 1256 3017 nequit

134 3039 168 3112 in
191 3039 262 3114 isto
279 3038 481 3112 sacramenti
500 3037 586 3111 ratio
604 3038 754 3135 agnosci.
775 3038 895 3111 Verum
913 3034 999 3109 baec
1016 3033 1158 3108 clariora
1176 3059 1255 3106 eva·

133 3154 214 3231 dent
230 3181 273 3230 ex
289 3153 351 3242 iis,
372 3180 461 3256 quae
472 3154 508 3227 in
523 3153 714 3254 insequenti
733 3152 874 3227 articulo
887 3177 964 3226 mox
977 3148 1098 3223 dicturi
1118 3174 1249 3222 sumus.

454 3385 457 3388 ⁴
559 3359 768 3419 ARTlCULUS
786 3359 824 3414 ll.

137 3504 281 3582 meato
303 3505 476 3581 expenditur
496 3502 620 3564 iuridica
637 3502 674 3562 da
691 3506 832 3578 potestate
849 3499 1046 3560 ecelesiastica
1058 3499 1090 3557 iu
1102 3495 1252 3559 Matrimo-

143 3677 146 3683 ι
214 3603 265 3662 nia
287 3601 450 3662 infidelium
463 3607 529 3677 post
542 3601 628 3660 onius
639 3598 685 3658 vei
700 3600 851 3674 aulasque
867 3596 999 3672 maingis
1012 3596 1253 3670 conversionem,

214 3714 349 3761 necnon
372 3701 403 3758 in
430 3696 617 3758 Matrimonia
639 3695 768 3755 fidelium
788 3710 855 3754 oum
875 3691 1053 3752 infidelibus.

208 3845 503 3935 Quemadmodum
536 3844 702 3942 tripartita
727 3842 791 3915 luit
815 3840 969 3940 quaestio
999 3837 1189 3935 theologica
1214 3837 1258 3911 de

134 3981 259 4040 natura
275 3960 481 4036 matrimonii
500 3973 578 4033 ante
594 3972 627 4032 et
646 3973 723 4056 post
739 3957 916 4055 utriusque
927 3953 980 4028 uel
994 3951 1188 4027 alterutrius
1206 3951 1259 4023 in·

133 4077 249 4155 tidelis
266 4077 422 4175 coniugis
438 4075 658 4177 baptismum,
676 4074 722 4147 ita
734 4073 835 4147 etium
848 4071 912 4145 erit
924 4069 1089 4170 tripartita
1102 4068 1259 4169 quaestio

135 4194 282 4270 inridica
307 4219 409 4293 quam
435 4191 535 4266 modo
562 4188 794 4264 subnectimus
820 4188 864 4262 de
887 4184 1051 4262 ecclesiae
1077 4184 1142 4260 bac
1168 4185 1204 4257 iu
1223 4210 1259 4256 re

136 4323 307 4412 potestate
330 4335 371 4384 ac
395 4305 618 4407 legislatione.
