2804 5062
179 341 1070 444 cunia.narom.rorrs.sn1uu.mrn.nurrunnu.
1126 365 1193 439 l'll

117 525 288 577 amorasse
305 501 506 602 rescriptum
528 527 596 601 quo
609 527 679 576 sac.
697 503 957 578 Paenitentiaria
974 503 1107 580 cuidam
1123 507 1199 605 epi-

117 641 181 718 opo
205 616 334 691 conlert
365 615 591 690 «facultatem
620 616 840 718 dispensandi
867 620 902 691 in
930 617 1042 692 radice
1075 621 1110 693 in
1143 645 1200 694 cu·

117 731 175 807 lue
199 731 236 804 in
261 732 388 833 quibus
407 732 520 831 agitur
541 732 585 806 de
606 733 828 808 matrimoniis
853 734 1032 834 hucusque
1065 733 1200 808 nulliter

117 846 172 921 iu's
188 846 234 922 ob
258 848 540 947 impedimentum
557 847 860 937 clandestinitatis,
881 849 936 922 uel
960 849 1116 923 abaliud
1138 852 1199 921 im·

117 960 298 1036 dementum
323 963 408 1036 iuris
432 963 607 1037 dumtaxat
631 963 877 1051 ecclesiastici,
910 963 947 1035 in
971 989 1039 1063 quo
1064 979 1200 1062 aposto-

117 1103 146 1153 a
166 1077 271 1152 sedes
297 1077 497 1179 dispensare
516 1079 715 1165 consuevit,
735 1078 885 1179 exceptis
902 1104 943 1151 ex
961 1077 1081 1153 ordine
1102 1103 1199 1154 sacro

117 1191 133 1266 l
154 1194 370 1293 professione
393 1193 537 1269 solemni
563 1194 838 1294 provenientibus
859 1197 974 1291 (25).»

155 1308 306 1384 Alteram
340 1310 467 1410 pariter
498 1310 720 1385 assertionem
749 1310 907 1385 falsitatis
937 1325 1083 1409 arguunt
1105 1336 1195 1411 quae

117 1424 348 1515 neminimus,
385 1452 540 1527 quaeque
575 1425 756 1501 ostendunt
788 1441 985 1526 potestatem
1019 1425 1108 1501 hanc
1139 1452 1197 1501 sa·

117 1539 181 1615 ndi
205 1538 273 1615 soli
291 1540 444 1642 pontifici
461 1566 619 1642 supremo
636 1566 714 1615 esse
731 1556 952 1630 reservatam,
968 1557 1068 1641 prout
1092 1541 1194 1615 etiam

117 1673 199 1733 cent
222 1656 393 1732 communi
419 1656 581 1756 suffragio
598 1656 744 1756 theologi
763 1674 796 1733 et
812 1657 1019 1733 canonistae.
1044 1658 1118 1733 Non
1140 1664 1197 1733 se'-

117 1769 143 1847 ul
165 1773 203 1846 id
222 1771 374 1847 inculcat
389 1771 591 1847 Benedictus
615 1773 697 1845 lllll.
718 1772 856 1848 dicens:
881 1772 1067 1872 «Cumque
1088 1760 1195 1848 solius

117 1888 207 1965 mani
235 1890 409 1990 pontilicis
434 1889 570 1964 sitnon
594 1888 704 1964 solum
728 1889 1001 1989 dispensationes
1025 1889 1060 1960 in
1085 1887 1199 1963 radice

117 2004 283 2079 strimonii
309 2004 509 2103 indulgere,
537 2004 598 2079 sed
628 2005 728 2079 etiam
759 2004 969 2080 conditiones
996 2004 1200 2080 constituere

117 2143 138 2197 u
152 2119 331 2196 validitate
350 2120 478 2218 gratiae
494 2120 730 2221 adimplendas
748 2123 862 2218 (idle
879 2122 1002 2195 Errant
1018 2121 1121 2219 igitur
1136 2119 1196 2220 qui

117 2260 166 2311 uc
189 2234 387 2310 munem
419 2262 631 2311 communem
656 2236 784 2312 iaciunt
807 2237 1003 2337 episcopis,
1032 2252 1134 2336 atque
1158 2262 1198 2310 eo

117 2351 184 2452 ugia
209 2351 380 2427 eiusmodi
401 2352 612 2428 excludenda
628 2368 683 2427 est
701 2353 891 2440 sententia,
919 2352 1036 2453 quod,
1064 2350 1114 2424 uti
1136 2377 1199 2426 suo

117 2491 151 2543 to
173 2466 410 2556 ostendimus,
437 2468 609 2568 episcopis
634 2467 777 2542 facultas
810 2494 878 2543 non
904 2468 951 2541 sit
974 2466 1197 2566 dispensandi

117 2614 121 2650 ι
141 2582 398 2684 impedimentis
423 2583 673 2658 matrimonium
690 2582 939 2657 dirimentibus.

149 2696 285 2774 &usae
309 2715 421 2773 autem
446 2698 666 2798 gravissimas
692 2699 818 2798 requiri
837 2715 875 2771 ut
890 2698 1141 2775 matrimonium
1161 2701 1198 2772 in

117 2813 190 2891 diu
212 2830 353 2889 sanetur
376 2813 585 2915 exploratum
610 2830 664 2890 est
687 2815 778 2914 apud
809 2815 962 2890 doctores
991 2841 1134 2902 omnes,
1158 2841 1199 2891 ac

117 2906 179 3032 ᾗ»
195 2929 337 3030 ipsimet
349 2928 525 3029 pontifices
546 2928 772 3004 declararunt.
790 2930 878 3003 Sane
895 2929 1096 3004 Benedictus
1109 2928 1193 3002 XIV.

117 3069 144 3119 n
168 3068 240 3119 uno
270 3042 307 3116 in
335 3041 409 3118 loco
433 3042 470 3117 id
494 3059 610 3143 aperte
631 3043 807 3142 profitetur
829 3043 873 3116 iis
897 3042 1036 3118 uerbis:
1064 3057 1198 3142 arpenta

117 3184 193 3246 uso,
227 3159 436 3258 pravissimis
460 3159 653 3258 arcentibus
678 3160 799 3232 caesia
836 3157 879 3231 Ut
901 3157 1086 3257 plurimum
1119 3182 1198 3231 vero

117 3272 274 3373 ptimatio
292 3272 398 3372 prolis
422 3289 597 3373 causaest
619 3298 680 3347 cur
704 3270 872 3346 eiusmodi
891 3270 1100 3370 dispensatio
1117 3295 1197 3344 oon-

117 3384 233 3477 latur,
262 3403 300 3462 ut
312 3387 402 3462 idem
415 3387 564 3488 pontifex
583 3386 733 3463 declarat
748 3389 839 3484 (27).
855 3388 1012 3461 Nostrum
1032 3410 1111 3460 uero
1130 3410 1197 3458 non

117 3504 335 3606 texpendere
352 3521 464 3578 utrum
485 3502 652 3578 eiusmodi
672 3530 792 3602 graves
806 3518 866 3576 aut
881 3501 1104 3601 gravissimae
1117 3527 1198 3576 cau-

117 3646 135 3697 s
153 3619 329 3697 adfuerint
346 3645 409 3692 nec
428 3645 490 3706 no;
519 3634 554 3693 at
579 3616 681 3693 simul
699 3644 739 3693 ac
756 3618 967 3719 dispensatio
984 3645 1045 3693 seu
1063 3617 1196 3693 sanatio

117 3752 155 3814 ta
179 3751 254 3825 est,
290 3734 463 3836 praesumi
494 3735 645 3834 legitima
668 3761 773 3810 causa
798 3734 923 3824 dehet,
956 3761 1019 3809 nec
1043 3731 1198 3835 quaestio

141 3949 196 4016 (tt)
211 3952 242 4000 ln
257 3962 331 4013 saepe
353 3947 454 3999 laudata
475 3950 585 4000 Durat.
605 3961 655 3999 aar
670 3946 699 3999 to
716 3946 921 4000 Retotttttctton
934 3945 979 3996 dcc
993 3947 1124 4007 morlacas
1138 3944 1200 3994 nult

117 4042 130 4094 t
149 4032 194 4093 ⁴73
210 4028 255 4080 etl
280 4030 408 4093 practerea
430 4029 523 4080 mentio
541 4028 570 4079 ut
589 4027 718 4080 antumant
737 4027 849 4093 rascrlpti
872 4025 982 4078 εἰιιιᾱαιι
1000 4024 1094 4075 meent
1115 4022 1200 4075 datia

117 4110 225 4162 ΜΠ.
241 4109 351 4174 aculeo.
370 4107 476 4160 tolosan.
494 4107 536 4160 die
555 4112 593 4159 tt.
609 4109 673 4160 Nor.
696 4110 765 4159 1827.

140 4189 194 4255 (to)
209 4191 240 4240 ln
261 4191 352 4241 const.
371 4201 416 4240 scu
435 4190 545 4241 nemeto
560 4190 590 4240 L.
603 4190 666 4240 tom.
678 4190 722 4239 lv.
735 4186 839 4239 Bullarii
858 4186 901 4236 cit.
918 4187 977 4237 Btst
993 4183 1199 4237 nutrimentum

117 4273 304 4415 Ι’(ἰἓῗῖιιειοιιι
326 4351 469 4403 mavit.
481 4361 507 4402 ιι.
520 4355 560 4404 tu.
573 4360 633 4416 opp.
644 4347 685 4402 ed.
698 4350 770 4402 ttom
786 4351 856 4402 ttto.
866 4347 929 4400 tom.
939 4348 984 4401 ΧΙ.
995 4359 1051 4412 pua.
1063 4349 1118 4399 tet.
