2804 5062
258 372 303 444 'll
480 392 541 442 am.
564 390 599 441 n.
621 388 709 438 sacr.
730 389 753 436 r.
774 387 815 436 nr
832 385 956 436 sorssr.
979 384 1104 434 aconas.

326 509 475 608 Cumque
507 507 560 580 hia
589 506 756 579 damnatis
783 501 1069 603 propositionibus
1095 528 1161 574 non
1194 502 1359 576 obstanti-

255 626 348 712 bus,
382 626 637 723 Nepcmuconus
666 622 773 720 Nupta
805 619 946 692 eandem
971 618 1157 690 doctrinam
1185 644 1359 693 renovare

256 741 316 828 rit,
350 740 469 815 iterum
495 737 573 810 Pius
607 737 662 808 lX.
690 762 763 810 eam
789 735 989 834 proscripsit
1013 733 1059 807 ita
1085 761 1122 806 se
1148 733 1354 808 habentem:

209 914 211 920 .
260 855 475 928 «Ecclesiam
493 879 559 925 non
577 852 701 925 hahere
723 867 916 952 potestatem
935 850 1173 949 impedimenta
1190 854 1358 925 matrimo

256 970 350 1044 nium
374 969 565 1043 dirimentia
588 967 790 1055 inducendi,
810 968 961 1040 sedeam
981 966 1070 1039 civili
1097 968 1254 1066 potestati
1269 993 1359 1041 oom-

256 1100 386 1184 potere,
407 1109 512 1183 aqua
530 1082 769 1182 impedimenta
792 1082 968 1154 existentia
992 1081 1140 1154 tollenda
1160 1080 1356 1176 31911111.»

256 1201 338 1274 ltem
364 1199 398 1273 iu
422 1226 463 1273 ea
487 1214 580 1299 parte
604 1226 672 1299 qua
705 1199 793 1271 idem
824 1214 940 1269 auctor
972 1197 1117 1269 affirmat
1145 1197 1357 1270 «eeclesiam

259 1315 470 1416 sequioribus
496 1315 619 1389 seculis
644 1314 836 1388 dirimentia
853 1313 1091 1411 impedimenta
1110 1314 1271 1386 inducere
1288 1339 1360 1386 coe

261 1432 354 1531 pisse
378 1458 442 1504 non
463 1433 533 1503 iure
546 1432 680 1529 proprio
705 1431 764 1504 sed
789 1429 846 1501 illo
871 1431 944 1501 iure
968 1455 1086 1515 usam,
1115 1429 1201 1527 quod
1225 1457 1247 1502 a
1273 1431 1361 1502 cicili

254 1560 410 1646 potestate
434 1560 582 1618 mutuata
599 1560 688 1631 erot,·
715 1546 912 1619 tridentinos
938 1571 1083 1618 canones
1108 1549 1222 1640 (sess.
1242 1549 1300 1618 11.
1316 1549 1360 1617 lle

258 1662 443 1737 matrimc.
456 1664 489 1733 3.
502 1677 535 1735 et
550 1664 605 1756 l.)
621 1663 679 1760 qui
693 1662 915 1735 anathematis
929 1687 1105 1734 censuram
1119 1660 1188 1735 illis
1203 1661 1357 1748 inierunt,

257 1779 316 1878 qui
334 1777 523 1851 facultatem
542 1777 779 1875 impedimenta
796 1777 986 1850 dirimentis
1001 1778 1183 1849 inducendi
1201 1778 1360 1851 ecclesiae

258 1921 380 1992 negare
399 1893 564 1981 audeant,
581 1893 633 1967 vel
655 1921 721 1967 non
742 1920 818 1967 esse
838 1894 1061 1990 dogmaticos,
1081 1893 1135 1967 val
1152 1893 1193 1965 de
1213 1909 1358 1966 mutuata

255 2025 412 2107 potestate
435 2036 512 2082 asse
534 2009 766 2106 intelligendos
787 2013 900 2105 (98).n

332 2124 458 2198 Ceteris
484 2125 587 2221 igitur
609 2127 763 2212 omissis,
793 2151 880 2223 quae
904 2150 944 2198 ex
962 2125 1154 2197 auctoritate
1172 2127 1275 2197 etiam
1292 2151 1363 2223 gra·

260 2240 350 2314 rium
368 2239 597 2338 theologorum
616 2240 738 2314 adduci
756 2256 893 2338 possent
909 2244 997 2335 (ti),
1008 2240 1215 2339 exploratum
1229 2258 1282 2314 est
1295 2267 1363 2314 sen·

261 2358 397 2430 tentiam
416 2358 680 2431 adversariorum
698 2358 897 2429 contrariam
915 2358 1050 2429 omnino
1067 2383 1142 2430 essa
1155 2358 1252 2430 Rom.
1263 2359 1364 2457 ponti·

260 2473 361 2545 ficum
386 2473 589 2559 auctoritati,
609 2471 769 2570 aquibus
787 2470 951 2544 eiusmodi
973 2473 1123 2545 doctrina
1139 2474 1188 2545 uti
1208 2475 1365 2546 haeretica

262 2587 447 2684 proscripta
456 2602 525 2672 est;
539 2586 690 2686 adeoque
703 2613 723 2658 a
737 2586 829 2659 nullo
840 2588 1004 2661 catholico
1018 2588 1153 2659 delendi
1166 2604 1290 2687 potest.

334 2701 377 2770 ll.
407 2702 479 2772 Non
510 2701 624 2772 minus
659 2700 842 2772 luculenter·
875 2702 990 2774 eadem
1027 2703 1211 2775 adstruitur
1243 2705 1365 2777 ventas

262 2830 411 2912 spectata
435 2816 543 2914 ipsius
569 2815 740 2887 tridentini
767 2817 898 2889 concilii
926 2836 1035 2890 mente
1060 2845 1147 2917 quae
1173 2819 1302 2917 patefit:

336 2933 369 3002 l.
398 2932 447 3003 Ex
473 2930 540 3003 fine
566 2957 665 3030 quarn
690 2932 757 3003 sibi
783 2933 973 3030 praestituit
997 2934 1201 3007 asserendae
1216 2935 1364 3008 veritatis

262 3045 446 3121 catholicae
470 3049 631 3121 adversus
657 3048 836 3120 lutherum
862 3066 1056 3147 ceterosque
1082 3049 1173 3122 illius
1206 3053 1364 3151 temporis

333 3279 383 3341 (ot)
399 3279 538 3330 Damnatis
552 3280 577 3329 et
587 3277 732 3343 prohibitio
745 3283 829 3343 operis
845 3282 888 3329 eni
902 3279 999 3330 titulus
1009 3282 1082 3331 tntis
1092 3279 1262 3332 ecrtmtottttt
1272 3283 1320 3332 rte.
1332 3283 1364 3329 to.

264 3359 523 3422 Nepomuceniduytz.
1239 3351 1240 3356 ¹

332 3439 380 3498 (991
394 3438 456 3487 lbid.
469 3439 557 3489 Mirum
571 3453 627 3488 vero
639 3440 710 3489 estin
721 3439 877 3489 universitate
893 3439 1026 3498 catholica,
1041 3440 1065 3488 et
1080 3435 1111 3486 ab
1127 3440 1227 3488 arictore
1246 3438 1365 3490 catholico

264 3519 319 3577 post
332 3518 439 3568 solemne
455 3518 516 3568 adeo
535 3520 652 3571 iudicium
668 3521 744 3570 tatum
761 3521 785 3569 in
795 3519 932 3578 dogmatica
947 3520 1121 3568 constitutione
1134 3519 1252 3569 nitrerms
1267 3520 1366 3584 pseudo

263 3594 382 3656 synodum
397 3596 564 3657 pistoriensem
579 3600 686 3661 potuisse
701 3598 819 3647 eiusmodi
834 3599 969 3648 doctrinam
986 3598 1081 3660 publice
1092 3600 1116 3645 iu
1128 3599 1220 3648 scholis
1233 3599 1306 3660 tradi.
1317 3611 1367 3663 pro

263 3672 341 3735 plaari
355 3674 488 3736 iuventuti,
502 3689 531 3724 ac
544 3676 646 3737 puhlicis
661 3678 726 3738 typis
740 3677 873 3738 committi,
886 3677 1018 3738 etquidem
1036 3679 1114 3727 aetate
1129 3676 1180 3728 hac·
1190 3680 1275 3728 aostn
1285 3677 1310 3727 iu
1320 3690 1368 3741 qiu

261 3755 363 3803 omnino
374 3765 404 3802 ca
415 3754 540 3816 antiquata
551 3769 580 3803 ae
590 3756 718 3805 obliterata
728 3757 856 3805 videbatur
867 3771 939 3819 penes
949 3771 1042 3806 omnes.

337 3834 386 3897 (99)
403 3835 467 3882 inter
477 3846 540 3896 quos
552 3835 695 3884 nominatim
709 3839 766 3884 sunt
778 3837 857 3886 Natat.
870 3836 1004 3887 Alexander
1017 3836 1102 3887 Theoi.
1112 3836 1227 3900 deornm.
1236 3841 1262 3889 et
1275 3837 1366 3888 mu.

265 3909 308 3961 nn.
323 3911 353 3961 11.
365 3914 495 3964 c.1V.art.
511 3921 529 3963 t.
540 3912 583 3976 qui
594 3919 677 3976 aperte
687 3915 773 3963 statuit
788 3916 946 3978 proposition.
960 3936 970 3958 ιι
982 3917 1113 3966 Ecclesiam
1130 3918 1238 3978 potuisse
1255 3926 1284 3966 ac
1301 3929 1369 3980 posse

263 3993 410 4043 constituere
431 3993 605 4056 impedimenta
624 3995 805 4045 matrimonium
826 3995 965 4045 dirimentis
987 3997 1081 4059 doymo
1093 3993 1159 4058 fidet
1176 3999 1223 4046 est.
1237 4014 1249 4038 o
1261 3995 1368 4047 tirourin

267 4071 303 4118 De
321 4083 350 4118 re
365 4075 573 4122 sacramentaria
584 4073 626 4122 tin.
641 4076 680 4121 111.
692 4078 785 4135 quaest.
797 4077 837 4122 Vi.
848 4089 901 4137 cap.
917 4078 934 4122 Ι.
947 4075 969 4136 §.
986 4084 1004 4125 t.
1016 4077 1058 4138 qni
1071 4077 1159 4138 pariter
1170 4075 1297 4126 adstruit«
1306 4079 1369 4126 tom·

265 4160 345 4212 quam
357 4147 449 4211 doymo
456 4150 522 4211 fidet
536 4152 559 4200 in
570 4151 674 4202 concilio
692 4152 823 4201 tridentino
835 4168 898 4202 nova
909 4155 1050 4204 delinitione
1063 4159 1148 4204 contra
1166 4156 1266 4204 erttreri
1279 4154 1372 4205 temeri·

265 4230 339 4278 tatem
350 4232 493 4280 assertum.»
502 4232 579 4281 Ambo
590 4232 701 4282 doctores
711 4232 832 4283 sarbonici
843 4234 959 4285 adversos
971 4235 1114 4286 launoium.
1127 4235 1223 4291 Quibus
1232 4234 1291 4284 addi
1300 4233 1371 4284 deno

265 4306 347 4356 listins
358 4308 497 4358 comment.
511 4309 534 4358 in
548 4309 590 4359 tio.
604 4311 645 4359 tv,
655 4313 830 4360 sentxxxtv.
843 4310 865 4372 §.
883 4319 901 4359 t.
