2804 5062
242 382 312 455 stt
387 434 390 439 -
493 403 556 459 rua.
576 400 614 457 n.
633 400 720 453 sacr.
736 402 760 452 ι.
777 400 818 451 na
835 400 961 470 reuma.
979 400 1109 453 accurs.

240 522 292 605 vir
316 537 351 596 et
374 518 496 597 mulier
519 521 556 595 in
581 520 655 597 loce
681 545 764 595 suae
786 518 1006 595 habitationis
1030 519 1168 621 absque
1191 521 1350 600 animoil

239 637 308 714 lam
333 635 799 738 relinquendidiscedeutes,
827 652 863 711 et
883 636 928 713 ad
955 635 1065 713 locum
1091 635 1237 713 alterius
1262 665 1349 740 paro-

239 754 338 831 chiae
355 753 428 829 solo
444 753 559 829 animo
575 751 646 828 illic
661 752 911 829 matrimonium
928 752 1144 843 celebrandi,
1161 779 1233 829 uon
1250 772 1351 830 autem

241 871 450 946 domicilium
481 869 703 945 contrahendi
729 896 768 947 se
793 869 1052 959 transferentes,
1081 868 1131 945 ibi
1156 897 1274 947 coram
1302 897 1353 973 pa·

240 987 345 1072 rocho
366 985 458 1061 illius
476 985 540 1060 loci
556 986 645 1071 inter
666 1012 705 1063 se
725 1000 973 1061 contraxerunt.
994 985 1218 1086 supplicatur
1236 1014 1295 1089 par
1309 1012 1354 1063 aa·

240 1128 333 1179 cram
351 1103 642 1201 congregationem
658 1101 824 1177 declarari
838 1129 882 1177 an
896 1103 1093 1191 huiusmodi
1106 1103 1353 1180 matrimonium

238 1220 287 1295 sit
312 1218 441 1294 nullum
465 1218 520 1293 vel
544 1218 715 1294 validum:
741 1219 799 1293 die
828 1222 887 1293 22.
913 1220 1273 1297 substanttam
1294 1238 1350 1297 etc.
1384 1296 1389 1308 ,

239 1335 427 1417 secuudum
436 1355 490 1424 ea,
503 1362 593 1436 quae
605 1352 837 1437 proponuntur
849 1337 1350 1435 censuitesseunllum(1tll).s

313 1453 410 1529 Nunc
432 1451 501 1526 alia
524 1452 680 1551 quaestio
703 1476 742 1527 se
766 1477 805 1527 se
830 1451 930 1526 ollert
954 1451 998 1525 de
1021 1478 1143 1527 eorum
1168 1452 1351 1551 coniugiis,

238 1569 301 1671 qui
330 1567 534 1643 contrahunt
560 1567 647 1641 inter
671 1566 852 1656 infideles,
881 1567 936 1644 vel
960 1568 1048 1642 inter
1072 1567 1268 1645 haereticos
1288 1566 1352 1643 illis

239 1686 279 1764 id'
301 1683 385 1764 locis
410 1683 470 1758 ubi
494 1683 714 1759 tridentinum
744 1683 992 1784 promulgatum
1020 1699 1074 1759 est
1102 1683 1274 1785 quidem,
1300 1682 1352 1759 aad

242 1816 343 1877 nemo
372 1799 538 1900 reperitur
570 1798 643 1873 sive
674 1799 845 1899 parochus
869 1799 943 1873 sira
967 1797 1127 1873 sacerdos
1156 1823 1275 1873 coram
1294 1820 1352 1898 quo

244 1915 363 1993 fideles
384 1939 589 1990 consensum
607 1913 801 2014 praebeant.
819 1916 921 1989 Porro
945 1913 1158 2014 exploratum
1173 1930 1231 1989 est
1247 1912 1352 1988 fidele·

242 2032 330 2107 inter
347 2030 503 2105 infideles
519 2046 764 2107 commorantes
782 2028 840 2103 ubi
860 2029 1079 2105 tridentinum
1095 2028 1274 2105 decretam
1290 2054 1352 2130 pto

239 2145 430 2245 -mulgatum
454 2144 626 2232 nonfuit,
655 2170 756 2244 posse
783 2171 849 2219 non
875 2143 985 2219 solum
1010 2142 1148 2233 valide,
1183 2144 1249 2219 sed
1277 2144 1351 2231 lt'ct'ta

241 2260 393 2343 interae
416 2260 612 2358 coniugium
636 2259 724 2334 inire
748 2285 861 2335 ceram
889 2257 1025 2334 duobus
1049 2272 1109 2333 aut
1134 2257 1248 2335 tribus
1272 2256 1352 2335 tesi·

240 2374 328 2464 bus,
357 2375 491 2451 etiamsi
520 2374 635 2451 nullas
661 2375 707 2449 sit
732 2398 895 2475 praesens
926 2373 1098 2450 sacerdos.
1130 2373 1235 2462 Quod
1263 2398 1352 2476 saepe

240 2493 406 2589 contingit
428 2493 463 2565 in
494 2493 637 2592 imperio
663 2491 811 2578 sinensi,
840 2491 876 2564 in
903 2490 1009 2564 ludiis
1031 2506 1065 2563 et
1089 2489 1187 2564 alibi.
1212 2490 1350 2592 ldipsun

239 2607 421 2687 dicendum
446 2609 476 2682 si
503 2609 613 2681 facilis
639 2607 774 2681 nonsit
804 2606 847 2679 ad
872 2606 1079 2680 sacerdotem
1107 2606 1351 2682 missionarian

240 2747 421 2809 accessus,
440 2723 523 2822 quia
549 2739 629 2798 tunc
653 2722 791 2796 moralis
810 2723 1025 2822 impotentia,
1047 2748 1159 2821 eaque
1182 2723 1297 2820 grauis
1311 2721 1350 2793 ia·

246 2837 411 2913 tervanire
432 2855 607 2924 censetur,
635 2837 700 2910 sub
715 2851 794 2936 'qua
816 2837 960 2912 ecclesia
983 2835 1135 2934 obligare
1160 2864 1232 2913 non
1258 2839 1350 2912 inten

242 2951 312 3038 dit,
334 2968 433 3049 prout
462 2968 577 3050 aperte
599 2952 766 3026 indicatur
789 2952 824 3025 iu
846 2952 1019 3026 nonnullis
1039 2977 1109 3026 sac.
1127 2977 1289 3053 congreg.
1307 2976 1349 3025 ro

241 3066 503 3168 sponsionibus,
532 3094 618 3166 quas
646 3068 786 3142 inferius
810 3067 1058 3142 exhibebimus.

263 3262 265 3267 ,
317 3183 414 3270 Quod
439 3206 518 3257 vern
545 3199 675 3281 spectat
691 3183 735 3255 ad
754 3182 850 3271 illos,
875 3183 988 3282 quiin
1006 3180 1206 3279 regionibus
1228 3207 1350 3258 versan·

241 3315 295 3373 tur
320 3299 364 3372 ab
389 3299 568 3373 haereticis
598 3300 798 3397 occupatis,
827 3297 1013 3398 inquibus
1042 3312 1156 3372 tamen
1191 3298 1349 3374 decretum

242 3412 459 3489 tridentinum
484 3429 542 3486 aut
568 3413 776 3513 publicatum
794 3414 904 3487 autin
923 3439 988 3487 usu
1006 3400 1084 3498 cst,
1096 3412 1159 3487 sed
1177 3439 1248 3488 nou
1269 3435 1349 3512 repe

242 3527 325 3601 ritur
349 3528 506 3601 sacerdos
532 3553 644 3601 coram
670 3554 738 3627 quo
763 3528 897 3601 valeant
921 3553 1019 3601 suum
1045 3526 1196 3627 prolerre
1222 3550 1349 3603 consen-

242 3668 342 3730 sum,
375 3659 453 3715 tunc
478 3657 511 3714 et
538 3643 612 3715 istis
640 3642 722 3716 satis
754 3644 817 3714 erit
846 3642 1038 3738 coniugium
1066 3667 1167 3713 suum
1193 3640 1348 3714 celebrata

240 3784 353 3833 coram
371 3758 504 3832 duobus
518 3774 575 3830 aut
589 3758 695 3831 tribus
711 3759 865 3832 testibus.
877 3759 932 3831 Sic
945 3759 1034 3830 enim
1053 3756 1173 3830 scribit
1189 3756 1344 3832 hlasehat:

243 3903 260 3943 u
277 3874 408 3948 Fideles
426 3891 669 3949 commorantes
688 3901 720 3947 v.
732 3902 765 3970 g.
778 3875 813 3946 in
827 3872 1008 3947 llnllnndia
1025 3891 1058 3947 et
1075 3872 1154 3947 aliis
1177 3869 1345 3973 provinciis

239 3989 504 4078 confoederatis,
528 3990 586 4063 ubi
615 3990 833 4063 tridentinum
861 3988 1066 4090 publicatum
1085 4005 1159 4075 est,
1181 3989 1212 4061 si
1231 3987 1344 4061 nullon

242 4102 366 4178 habere
392 4121 536 4205 possunt
560 4106 767 4180 sacerdotem
795 4105 1027 4192 catholicum,
1059 4104 1222 4178 videntur
1250 4098 1353 4177 valide.

244 4242 355 4290 coram
379 4218 512 4293 duobus
529 4221 580 4293 vel
602 4219 711 4294 trihus
734 4221 876 4294 testibus
902 4218 1101 4295 contrahere
1127 4216 1340 4295 matrimonia

317 4371 383 4433 (tal)
401 4370 471 4434 apud
485 4370 573 4428 bened.
586 4374 649 4423 xlv.
659 4371 707 4424 loc.
717 4372 759 4424 att.
