2804 5062
605 533 662 608 DE

130 685 615 818 MATRIMONIO
667 692 1115 824 CHRISTIANO

503 919 741 944 -ᾡ-

342 1022 556 1095 numum
580 1021 897 1099 §acaunus
918 1032 934 1066 ·

93 1195 144 1302 ll
180 1194 388 1303 lllllllll
427 1193 611 1303 llllllll
651 1196 928 1306 llllllllllllll
964 1197 1012 1308 ll
1044 1198 1160 1308 llllll

302 1392 342 1451 ΙΝ
363 1391 650 1453 MATRIMONIUM
669 1391 939 1455 CHRISTIANUM

428 1621 611 1691 sucuro
637 1623 808 1692 raama

201 1779 273 1867 DE
305 1778 613 1868 POTESTATE
645 1780 1044 1868 ECCLESIASTICA

366 1940 399 1989 ta
413 1939 641 1990 nasamonium
656 1939 874 1990 cnutsutsatma

520 2079 685 2137 CAPUT
699 2080 735 2135 1.

263 2213 435 2263 oeusnams
449 2213 521 2263 roes
536 2211 790 2280 nocuusrssmcsu
804 2213 986 2265 rorusrsms

440 2310 474 2360 m
489 2282 808 2403 aarmcur'si'siia‘rtnrr

484 2437 765 2549 marcescer
793 2526 797 2531 ἢ

96 2573 227 2636 Potestas
240 2577 269 2635 iu
280 2575 500 2636 Matrimonium
516 2548 709 2670 chrtdltllb'am
721 2576 867 2639 Ecclesiae
878 2579 955 2638 locst
966 2577 1150 2643 luredlrlno.

568 2679 685 2772 “sol-:t

68 2743 377 2927 Quandoquidem
406 2820 449 2893 de
473 2820 637 2895 ecclesiae
669 2836 833 2920 potestate
864 2821 900 2894 in
929 2823 1179 2900 matrimonium

67 2933 287 3006 christianum
307 2951 462 3008 accurate
479 2962 499 3008 a
515 2935 614 3009 uobis
632 2952 732 3036 utque
751 2959 811 3036 por
828 2951 940 3035 partes
959 2935 1023 3010 boc
1041 2936 1075 3008 in
1093 2936 1180 3012 libro

66 3046 300 3121 disserendum
317 3065 386 3135 est,
408 3049 529 3122 iuverit
550 3049 584 3120 in
610 3053 684 3149 ipso
702 3050 913 3124 tractationis
937 3051 1074 3125 exordio
1092 3077 1181 3123 sam·

67 3163 130 3234 mis
152 3163 256 3236 velati
278 3162 378 3237 lineis
401 3164 590 3262 generalem
615 3166 794 3265 quamdam
827 3165 978 3239 eiusdem
1004 3165 1181 3263 potestatis

66 3275 174 3349 ideam
183 3278 421 3353 adumbrantes
434 3277 603 3379 inquirere
611 3279 802 3353 cuiusmodi
813 3305 853 3351 ea
863 3278 919 3364 sit;
932 3304 1000 3376 qao
1011 3277 1084 3350 iure
1099 3277 1181 3352 insit

65 3391 246 3480 ccclesiae3
268 3393 437 3493 quomodo
455 3420 611 3493 suprema
629 3394 675 3466 sit
691 3410 791 3492 atque
814 3391 1064 3492 independens;
1095 3419 1181 3494 quo-

65 3508 160 3583 modo
185 3509 350 3583 ecclesiae
367 3509 414 3581 ita
431 3510 476 3581 sit
492 3509 648 3609 propria,
670 3508 766 3581 atad
790 3533 863 3580 eum
888 3507 1059 3583 exclusive
1076 3510 1179 3608 perti-

66 3642 157 3711 neat3
173 3651 264 3725 quac
286 3624 423 3724 quidem
442 3624 612 3698 distinctis
626 3622 778 3697 articulis
796 3622 943 3722 generali
961 3623 1108 3724 quadam
1126 3649 1181 3697 ra·

65 3739 151 3812 tione
175 3739 432 3839 explicabimus.
454 3740 497 3812 Ut
517 3739 627 3814 omnis
646 3756 756 3812 tamen
783 3739 987 3836 ambiguitas
1024 3737 1176 3826 tollatur,

65 3854 273 3928 declaramus
287 3882 347 3954 per
358 3855 412 3930 ius
426 3855 462 3926 in
474 3854 659 3942 vinculum,
671 3855 714 3927 de
728 3881 796 3954 quo
808 3854 906 3927 nobis
921 3854 956 3925 in
977 3853 1181 3953 praesentia·

66 3995 136 4040 mm
161 3969 400 4042 disserendum
425 3985 496 4056 est,
520 3995 587 4041 non
608 3967 749 4065 intelligi
768 3960 966 4067 potestatem
986 3966 1178 4056 vinculum,

65 4108 137 4156 cum
156 4083 262 4158 semel
280 4083 416 4184 plenum
435 4083 601 4171 extiterit,
620 4082 796 4168 solvendi,
817 4082 877 4155 sed
895 4081 1107 4155 conditiones
1120 4107 1182 4181 po-

65 4199 166 4271 nendi
185 4201 262 4273 aina
283 4202 409 4301 quibus
434 4201 515 4275 oriri
541 4202 673 4302 nequit,
695 4226 756 4275 nec
774 4226 840 4274 non
859 4199 1051 4299 inquirendi
1070 4215 1104 4272 at
1120 4198 1176 4272 de·

65 4316 242 4405 cernendi,
271 4341 347 4390 cum
364 4316 408 4392 de
423 4316 576 4403 vinculo,
596 4333 714 4413 utrum
738 4315 889 4392 validum
907 4315 968 4403 sit,
989 4314 1174 4388 dubitatur.
