2804 5062
195 399 1108 454 sursumsunt.ronnrsr.murmurmurmur.
1165 384 1238 455 atr

136 519 398 619 praetermissis,
427 543 516 615 quoe
540 517 686 591 evidenti
712 534 793 592 sunt
817 535 1015 616 argumento
1041 518 1100 593 illa
1125 523 1241 595 coniu-

134 637 250 736 giaper
262 662 302 710 se
314 633 446 720 ualere,
467 659 507 706 ao
524 633 667 733 proinde
685 632 877 734 dispensari
892 635 926 707 in
940 660 981 709 eo
994 634 1101 731 gradu
1119 661 1237 735 posse,

133 753 293 853 idipsum
321 778 390 826 non
416 751 531 824 minus
556 749 744 824 luculenter
768 752 935 827 evincitur
960 778 1000 825 ex
1026 778 1121 827 conc.
1142 780 1241 830 aure-

133 869 263 944 lianensi
292 869 355 939 lll.
378 893 455 940 can.
478 869 537 938 10.
559 866 615 939 his
636 868 750 942 verbis
775 894 959 967 expresso:
993 869 1075 942 «De
1100 869 1239 945 incestis

130 983 416 1060 coniunctionibus
442 983 489 1055 ita
515 1009 603 1082 quae
628 999 707 1056 sunt
738 999 862 1058 statuta
893 1002 1093 1072 serventur,
1121 986 1239 1060 uthis

127 1099 177 1200 qui
200 1117 262 1173 aut
283 1099 387 1172 modo
412 1098 456 1170 ad
482 1098 690 1196 baptismum
708 1099 867 1188 veniunt,
889 1117 947 1173 aut
963 1099 1088 1200 quibus
1102 1116 1239 1200 petrum

127 1230 245 1289 ststuta
273 1213 476 1288 aocmdotolr’
511 1212 766 1312 praedicatione
788 1214 822 1285 in
854 1215 1007 1288 notitiam
1039 1230 1138 1288 antea
1171 1241 1238 1289 non

125 1347 298 1419 venerunt,
333 1331 382 1402 ita
412 1356 473 1430 pro
503 1329 649 1405 novitate
679 1330 941 1418 conversionis,
974 1355 1014 1403 ac
1044 1330 1123 1404 fidei
1154 1357 1238 1405 suas

125 1448 324 1522 tradidimus
345 1446 607 1534 consulendum,
628 1464 665 1520 ut
682 1462 848 1520 contracto
867 1449 1029 1548 hucusque
1048 1447 1237 1520 huiusmodi

125 1565 269 1661 mitoda
294 1589 361 1634 nort
385 1563 578 1650 solventur;
597 1562 659 1634 sed
680 1561 715 1634 in
737 1563 903 1651 futurum,
924 1564 1015 1663 quod
1033 1563 1077 1636 de
1095 1564 1234 1636 incestis

125 1676 414 1752 coniunctionibus
432 1677 467 1749 in
485 1678 709 1752 anterioribus
728 1680 915 1753 canonibus
932 1679 1146 1754 interdictum
1164 1693 1232 1766 est,

125 1791 332 1878 decumum
353 1793 479 1880 idest,
509 1809 546 1866 ut
571 1820 612 1866 ne
638 1793 716 1892 quis
741 1794 808 1867 sihi
835 1793 899 1866 sub
924 1793 1073 1890 coniugii
1099 1793 1235 1866 nomine

125 1909 243 1983 ociore
267 1925 467 2008 praesumat
485 1907 634 1981 relictam
650 1909 778 2007 patris,
796 1908 905 1980 ‘filiam
929 1907 1062 1994 uxoris,
1084 1906 1234 1981 relictam

125 2023 244 2113 fratirs,
273 2050 427 2097 sororem
453 2024 852 2111 uxoris-consobrinam
878 2040 936 2097 aut
962 2024 1154 2112 sobrinam,
1182 2050 1236 2098 re-

125 2139 226 2214 tiorum
259 2140 422 2214 avunculi
450 2140 502 2213 uel
530 2141 640 2240 patrui
670 2141 870 2237 (Maponi
889 2140 1014 2239 quibus
1040 2156 1130 2242 patet
1154 2166 1235 2216 con·

125 2255 226 2331 ilium
250 2257 406 2331 uoluisse
431 2273 469 2330 ut
493 2273 727 2355 permanerent
751 2256 918 2330 eiusmodi
943 2256 1102 2354 coniugia
1120 2257 1155 2328 in
1181 2257 1234 2330 in·

125 2372 276 2448 idalitato
299 2389 491 2460 contracta,
519 2400 631 2472 neque
655 2372 796 2447 dissolvi
823 2373 957 2446 debere.
976 2373 1082 2470 Igitur
1107 2372 1234 2471 gradus

125 2487 290 2561 tffinitatis
317 2488 405 2561 inter
428 2488 584 2561 vitricum
603 2503 636 2560 et
653 2488 859 2586 privignam,
880 2488 967 2560 inter
988 2487 1182 2585 privrgnum
1200 2502 1235 2562 et

125 2630 310 2690 nouercam
332 2604 483 2677 relictam
497 2604 625 2690 fratris,
643 2620 705 2677 aut·
717 2608 866 2676 sororem
885 2604 1001 2677 uxoris
1021 2631 1088 2677 non
1106 2604 1235 2679 dirimit

125 2721 308 2819 raningium
327 2712 569 2794 iuro‘naturae.
588 2720 747 2806 Quinimo
774 2719 922 2794 decreuit
947 2747 1057 2819 neque
1074 2747 1151 2796 esse
1168 2721 1233 2795 hu-

125 2838 260 2914 imnodi
284 2838 446 2935 coniuges
472 2838 699 2936 separandoS,
721 2836 780 2935 qui
798 2837 876 2910 licet
893 2837 1055 2936 baptizati
1079 2838 1113 2909 in
1135 2839 1233 2936 igno-

125 2958 222 3031 rantia
248 2957 363 3054 legum
393 2957 698 3031 ecclesiasticarum
724 2984 764 3031 ea
795 2959 1011 3047 matrimonia
1044 2959 1111 3031 iam
1144 2958 1232 3031 cele·

125 3075 269 3147 insaem
280 3075 378 3168 (113)
388 3131 394 3143 .
406 3074 455 3145 Ex
469 3073 523 3145 his
537 3073 652 3172 itaque
664 3073 817 3145 conciliis
832 3072 1082 3171 antiquissimis
1100 3085 1231 3145 constat

125 3205 200 3263 tacte
223 3188 441 3262 Benedictum
466 3189 549 3260 xlv.
572 3189 743 3262 iudicasse
766 3189 910 3286 primum
938 3188 1029 3259 hunc
1054 3184 1230 3259 affinitatis

125 3303 253 3400 pradum
280 3303 315 3375 in
341 3302 431 3375 linea
457 3319 546 3377 recta
571 3330 639 3376 non
664 3303 825 3375 inducere
847 3287 1125 3399 impedimentum
1151 3298 1231 3370 diri-

125 3444 207 3493 ncus
234 3419 310 3492 iure
336 3418 507 3504 naturali,
536 3418 595 3491 sed
623 3418 786 3518 positivo,
816 3416 889 3514 lege
915 3414 1044 3489 scilicet
1069 3413 1230 3489 ecclesiu-

125 3534 216 3622 tica,
244 3549 348 3632 atque
374 3533 458 3605 adeo
484 3533 517 3604 in
546 3531 713 3632 pontificis
741 3531 870 3604 romani
897 3544 1060 3628 potestate
1085 3555 1162 3604 esse
1185 3527 1229 3602 ab

125 3649 172 3724 tto
196 3650 414 3750 dispensare.

181 3766 303 3853 Quoad
323 3764 460 3838 alteram
479 3792 557 3839 vero
572 3764 756 3839 decisionis
772 3780 899 3863 partem
914 3789 981 3863 qua
994 3761 1154 3836 iudicavit
1164 3786 1229 3832 non

125 3883 264 3983 spedus
284 3898 391 3954 tontes
408 3881 494 3980 qood
513 3881 699 3954 huiusmodi
715 3881 971 3979 dispensationes
997 3875 1223 3960 conceduntur,

125 3996 149 4070 id
171 4017 262 4073 certe
287 3997 403 4098 plures
429 4022 556 4098 eaeque
581 3996 804 4095 gravissimae
829 4022 951 4069 causae
976 3992 1191 4094 persuadent.

184 4304 249 4366 (tta)
265 4303 330 4354 lbtd.
344 4317 399 4368 pag.
413 4311 468 4356 251.

183 4384 247 4446 (trs)
262 4385 300 4435 ct.
314 4384 431 4435 Pontium
441 4398 483 4448 op.
495 4388 521 4435 et
536 4385 583 4435 too.
593 4384 700 4448 citcap.
711 4384 820 4435 xxxlv.
