2804 5062
141 383 209 442 tte.
223 390 280 442 vu.
294 392 334 441 nn
347 389 443 442 nro.
455 389 553 442 rurrn.
567 390 630 442 oon
645 389 746 441 rrnrt.
760 389 821 442 vm
833 390 897 441 rur.
910 389 958 441 se.
976 393 1047 441 rnr.
1060 393 1083 442 1.
1140 365 1210 442 305

163 509 257 584 Licet
280 534 360 583 vero
386 535 505 608 parum
530 508 653 582 referre
676 508 890 585 videaturad
914 510 961 584 rei
984 509 1209 585 substantiam

103 624 183 725 prod
209 626 350 713 attinet,
373 626 448 700 sive
466 625 598 698 dicatur
622 650 698 699 cum
724 624 926 700 Bellarmino
952 625 1098 727 aliisque
1122 648 1212 703 com·

103 739 249 814 oluribus
274 741 415 814 minime
440 740 564 840 r'cqniri
589 767 776 814 consensus
803 762 997 841 expressam
1024 744 1211 818 renovatio-

103 864 167 930 rem
191 875 270 956 post
295 858 525 958 baptismum,
553 874 591 931 ut
615 857 802 930 infidelium
830 860 1022 956 coniugium
1055 877 1209 933 naturam

103 972 210 1046 ndua't
237 973 459 1060 sacramenti;
494 974 565 1046 sire
589 998 666 1045 cum
690 975 885 1073 Laymann,
914 974 1040 1073 Kugler
1065 975 1211 1076 aliisque

103 1113 156 1162 ten
184 1090 307 1188 paucis
338 1089 478 1163 huiusce
509 1090 737 1163 renovationis
767 1091 954 1164 necessitas
985 1092 1028 1165 ad
1053 1091 1209 1166 eumdem

103 1203 191 1277 inam
218 1203 432 1289 admittatur,
458 1202 542 1277 illud
568 1219 695 1276 eertum
722 1203 999 1306 exploratumque
1016 1223 1087 1293 est,
1108 1207 1211 1281 cecle-

103 1319 200 1406 iam,
228 1320 317 1420 ipsis
343 1319 547 1394 adversariis
572 1318 779 1406 latentibus,
813 1346 1009 1421 expressam
1041 1321 1209 1396 eiusmodi

103 1435 341 1509 enovationem
367 1435 410 1509 ab
434 1435 478 1508 iis
504 1460 571 1509 non
597 1460 778 1534 exposcere
799 1435 994 1524 conversis,
1023 1462 1133 1538 neque
1150 1463 1209 1513 eos

103 1549 228 1649 digere
253 1548 298 1623 ad
324 1550 554 1649 recipiendam
579 1551 765 1625 sacerdotis
799 1550 1089 1641 benedictionem
1121 1554 1207 1627 etsi

103 1663 228 1764 pando
248 1690 308 1738 eos
333 1664 377 1737 ad
402 1663 496 1738 illam
522 1665 750 1764 recipiendam
775 1665 946 1754 bortatur,
975 1684 1209 1765 expressere

103 1791 165 1853 uen'
178 1794 296 1853 monet
306 1805 381 1853 eam
394 1780 534 1852 minime
547 1780 672 1879 requiri
687 1781 731 1853 ad
744 1780 891 1877 coniugii
907 1780 1099 1854 firmitatem
1112 1784 1202 1878 (21).

103 1895 235 1970 ldnetat
252 1911 424 1996 praeterea
435 1895 575 1970 Bossius
593 1922 670 1969 cum
687 1895 855 1983 Rieeiolo,
878 1911 986 1970 aetate
1003 1923 1066 1970 sua
1083 1899 1208 1973 llomae

103 2010 230 2084 ninime
250 2009 441 2083 adhibitum
455 2011 562 2084 luisse
575 2011 676 2085 ritum
688 2010 934 2084 benedictionis
947 2012 1110 2110 nuptialis
1128 2014 1208 2111 erga

103 2127 251 2222 toniuges
272 2125 315 2197 ad
343 2125 444 2198 fidem
467 2151 647 2200 conversos
669 2128 757 2221 (22).

157 2241 363 2328 Etmerito3
384 2242 554 2341 siquidem
574 2258 612 2317 ut
634 2242 736 2341 paulo
754 2258 831 2315 ante
849 2244 1122 2317 animadversum
1139 2259 1203 2331 est,

103 2381 164 2431 um
195 2356 320 2454 iugiter
344 2384 406 2431 seu
435 2357 607 2431 moraliter
637 2375 828 2457 perseveret
857 2360 891 2430 in
922 2359 978 2432 his
1004 2360 1206 2458 coniugibus

103 2496 276 2547 ensensus
297 2471 354 2546 illc
375 2499 443 2573 quo
469 2473 615 2573 primum
638 2473 788 2571 ipsorum
815 2475 953 2573 nuptiae
972 2473 1085 2548 valide
1102 2497 1142 2549 ae
1159 2475 1208 2549 le-

103 2587 205 2684 iimo
227 2587 417 2663 celebratae
444 2602 541 2675 sunt,
571 2587 665 2662 nulla
689 2605 831 2688 apparet
859 2590 968 2677 ratio,
1000 2618 1106 2690 quare
1131 2607 1208 2691 post

103 2704 293 2805 raptismum
320 2704 473 2779 renovari
501 2703 633 2778 debeat.
661 2704 820 2779 Virtualis
846 2705 1014 2806 siquidem
1040 2706 1098 2780 ille
1127 2734 1207 2782 con·

103 2844 211 2894 ensus
238 2821 413 2893 materiam
434 2846 476 2893 er
497 2846 535 2894 se
557 2819 695 2919 praebet
716 2838 926 2895 sacramento
948 2823 1157 2899 conficiendo
1174 2840 1208 2898 et

103 2933 229 3009 'ormam
255 2961 323 3035 qua
352 2936 473 3009 initum
500 2935 563 3009 luit
593 2935 687 3035 prius
712 2936 747 3007 in
774 2936 971 3011 infidelitate
996 2939 1202 3035 coniugium.

103 3050 232 3125 lerinde
261 3051 350 3125 enim
379 3067 433 3125 est
461 3051 555 3125 acsi
584 3051 638 3124 bie
664 3066 697 3124 ct
724 3078 813 3125 nune
837 3053 1089 3129 contraheretur
1113 3081 1206 3128 more

103 3165 286 3241 bristiano.

159 3282 260 3369 Quod
277 3283 413 3356 demum
438 3301 568 3384 spectat
584 3285 780 3369 corollaria,
801 3311 889 3383 quae
902 3311 943 3357 ex
956 3284 1114 3358 alterutra
1131 3310 1206 3358 sen-

103 3398 192 3472 entia
211 3399 429 3499 proveniunt,
451 3398 536 3473 baec
554 3415 633 3473 sunt
650 3399 887 3499 potissimum:
915 3402 948 3470 1.
966 3400 1056 3498 quod
1075 3399 1109 3470 in
1128 3426 1206 3473 sen-

158 3569 335 3632 (trisonem
353 3570 428 3621 simili
447 3584 519 3635 usu,
539 3585 596 3621 cum
612 3571 716 3635 petitum
735 3572 820 3633 inerit,
844 3573 927 3621 utrum
941 3571 983 3635 qui
997 3584 1046 3621 non
1064 3573 1207 3635 receperunt

103 3651 222 3703 monus
240 3651 436 3702 benedictionem
450 3665 503 3702 earn
517 3652 632 3716 supplere
648 3652 778 3714 deberent,
792 3665 934 3714 responsum
949 3652 1008 3701 soit:
1021 3650 1137 3702 «Fideles
1149 3652 1205 3700 bor·

103 3730 174 3783 mdes
184 3745 239 3783 esse
251 3735 364 3781 ut...eam
375 3734 459 3795 petunt
469 3745 483 3781 e
493 3731 633 3793 sacerdote,
646 3731 688 3794 qui
703 3734 785 3782 umen
799 3732 848 3782 iliis
859 3731 994 3781 declarabit
1008 3728 1149 3780 huiusmodi
1164 3729 1205 3779 be·

103 3808 252 3863 edictionem
263 3811 300 3862 od
310 3811 477 3862 caliditatem
488 3813 652 3861 matrimonii
662 3813 768 3861 minime
780 3810 1013 3874 pertinere.»tpud
1025 3811 1106 3859 Moser
1115 3809 1140 3858 in
1152 3804 1205 3859 cel»

103 3893 144 3942 tet.
154 3889 335 3941 declaration.
345 3903 377 3941 oc
391 3890 519 3941 decretor.
533 3903 557 3939 n.
567 3893 609 3940 lx.

156 3973 259 4022 Praesto
276 3971 339 4020 mibi
355 3975 480 4034 praeterea
495 3973 532 4021 esi
548 3971 672 4020 decretum
689 3986 801 4034 congreg.
819 3986 840 4021 s.
857 3971 900 4020 oli.
912 3978 934 4020 5.
948 3971 1019 4020 Febr.
1035 3969 1206 4032 litemque

103 4062 144 4103 tce
154 4051 292 4102 habentur:
305 4051 409 4102 «Voluit
418 4052 539 4102 sanctitas
550 4066 595 4101 sua
607 4053 615 4111 (
627 4053 684 4102 Pius
695 4055 736 4101 vt.
747 4055 755 4114 )
768 4051 935 4101 adhortandos
950 4050 1050 4111 fideles,
1066 4053 1093 4100 ut
1109 4051 1203 4101 missio·

103 4132 153 4183 trio
164 4132 271 4194 reduce,
280 4145 307 4182 se
319 4145 345 4182 se
355 4133 458 4193 sistant,
469 4132 501 4182 ab
510 4145 588 4195 ecque
599 4131 792 4182 benedictionem
805 4134 901 4194 petant,
908 4134 1020 4194 praecio
1031 4134 1117 4181 tomen
1125 4129 1205 4192 secto

103 4210 264 4263 toleratione
275 4225 291 4261 a
302 4211 467 4273 missionario,
479 4211 674 4262 benedictionem
687 4210 828 4261 huiusmodi
839 4210 874 4261 cd
887 4209 1055 4262 caliditatem
1071 4213 1204 4262 matrime-

103 4294 307 4368 iineqntoquaut
320 4295 478 4356 pertinere.»

155 4373 208 4437 (22)
223 4376 262 4425 Dc
277 4374 407 4426 contrari.
421 4375 538 4426 matrim.
554 4371 619 4437 epod
632 4373 723 4438 Kugler
734 4387 759 4438 q.
772 4374 826 4424 vti.
838 4386 864 4425 n.
878 4375 958 4427 rotet
968 4376 1023 4426 iot.

164 4463 192 4518 ll
1123 4463 1159 4514 20
