2804 5062
210 384 279 433 cn.
289 383 324 432 11.
338 383 378 432 111
392 382 496 433 101118.
510 382 613 433 salua.
627 384 688 431 sto.
702 383 764 431 Clh.
778 384 871 432 11111.
886 384 1008 433 01111181.
1024 386 1094 434 ART-
1111 386 1132 433 1.
1189 364 1255 434 3ἿῙ

219 503 288 575 Nec
304 501 446 578 minoris
459 498 617 599 ponderis
631 519 709 574 sunt
722 528 808 600 quae
822 517 1005 601 suppetunt
1017 527 1058 573 ex
1071 500 1206 599 regibus
1220 529 1259 576 ac

152 615 406 716 imperatoribus
423 614 688 690 occidentalibus
701 617 916 704 documenta,
931 616 1022 715 quod
1040 617 1107 715 ipsi
1126 616 1258 714 legibus

149 731 220 804 suis
232 755 400 804 amanum
417 729 580 804 ecclesiae
592 732 749 805 custodes
764 758 803 805 ac
815 731 966 804 vindices
981 757 1018 805 so
1031 729 1254 805 exhibuerint.

222 847 354 921 Etenim
389 847 424 918 in
450 846 691 946 capitularibus
724 873 840 945 regum
873 847 1060 920 francorum
1094 846 1261 921 habentur

147 962 332 1037 constituta
349 961 438 1058 regis
451 961 637 1035 Chariberti
657 962 735 1035 data
753 963 842 1036 circa
859 989 913 1034 an.
924 965 1006 1036 551.
1020 964 1054 1035 in
1068 962 1191 1063 quibus
1210 963 1259 1036 sic

149 1103 205 1151 rex
229 1092 375 1149 mentem
393 1100 490 1150 suam
507 1077 626 1175 aperit.
647 1077 711 1148 «Et
735 1076 817 1175 quia
842 1103 980 1151 necesse
997 1093 1068 1164 est,
1089 1094 1126 1151 ut
1142 1076 1256 1176 plebs,

147 1216 237 1290 quae
260 1189 447 1273 sacerdotis
473 1207 682 1290 praeceptum
709 1218 775 1265 non
803 1193 870 1279 ita,
891 1208 928 1266 ut
943 1207 1092 1292 oportet,
1113 1192 1259 1266 custodit

149 1322 263 1380 nostro
287 1305 387 1379 etiam
405 1305 590 1402 corrigatur
607 1306 749 1404 imperio
770 1308 883 1401 (38).»
896 1308 947 1378 En
965 1332 1131 1380 canonum
1149 1321 1259 1380 custo

147 1421 222 1495 dem
249 1435 283 1494 et
307 1419 488 1495 vindicem.

216 1534 256 1605 S.
274 1533 452 1631 Gregorius
471 1535 662 1608 turonensis
682 1537 780 1609 refert
805 1536 1068 1633 obiurgationem
1087 1562 1107 1608 a
1125 1534 1260 1634 Ch'sspe-

146 1652 215 1725 rior»
229 1674 307 1747 roge
319 1649 441 1723 [nomm
450 1651 655 1725 Praetextato
673 1651 922 1750 rhotomagensi
940 1652 1101 1751 episcopo
1119 1650 1173 1724 his
1192 1676 1262 1724 ver-

145 1765 216 1840 bis:
235 1763 349 1852 «de
367 1764 427 1840 tibi
444 1766 555 1840 visum
580 1783 651 1855 est,
672 1768 880 1868 oepiscope,
900 1782 938 1840 ut
955 1766 1128 1839 inimicum
1146 1792 1258 1839 meum

147 1879 402 1969 bdorovechum,
423 1885 481 1982 qui
501 1881 591 1956 filius
609 1909 686 1956 esse
710 1882 888 1969 debuerat,
909 1908 985 1955 cum
1003 1882 1107 1955 amita
1124 1907 1203 1967 sua,
1225 1880 1259 1953 id

147 2013 302 2071 osteum
327 1997 438 2095 patrui
463 1999 517 2071 sui
542 2023 661 2086 uxore,
686 1997 931 2097 coniungeres?
944 1998 995 2070 An
1012 1998 1150 2096 ignarus
1168 2022 1256 2084 eras,

147 2136 237 2210 quae
254 2137 315 2209 pro
331 2110 397 2185 hac
413 2136 518 2186 causa
534 2139 694 2186 canonum
705 2129 830 2186 statuto
845 2111 1056 2188 saosbscnt?
1072 2114 1169 2208 (39)»
1186 2112 1258 2187 Non
1321 2129 1324 2134 ·

147 2226 190 2299 ad
216 2225 327 2323 leges,
355 2227 414 2299 sed
441 2226 484 2299 ad
509 2252 654 2301 canones
680 2229 884 2327 provocavit.

218 2339 313 2415 Idem
327 2365 408 2438 erga
419 2365 565 2415 canones
582 2341 782 2441 obsequium
800 2342 947 2416 ostendit
959 2340 1149 2415 Chlotarius
1163 2341 1206 2413 11.
1224 2341 1258 2411 in

145 2479 243 2530 conc.
265 2453 444 2553 parisiensi
457 2480 512 2528 an.
531 2458 613 2528 615.
631 2457 767 2530 dicens:
788 2457 957 2556 «Ideoque
974 2455 1182 2529 definitionis
1200 2481 1258 2529 no·

144 2587 235 2645 strae
246 2585 538 2657 est,utoanonum
550 2573 718 2645 statutain
728 2573 885 2646 omnibus
896 2587 1133 2646 conserventur
1143 2572 1256 2667 (10)».
1294 2591 1297 2596 ·

217 2684 257 2757 ln
283 2682 356 2780 lego
369 2682 610 2782 longobardica
626 2685 687 2757 lib.
706 2687 748 2758 11.
766 2713 796 2760 c.
817 2690 850 2758 8.
868 2685 1009 2784 legitur:
1031 2685 1139 2773 «Quia
1164 2712 1261 2760 cano

145 2826 207 2876 nes
230 2799 282 2874 sic
307 2798 432 2874 babent
455 2801 498 2875 da
520 2800 653 2876 duabus
672 2803 862 2893 sororibus,
884 2804 970 2878 sicut
987 2804 1029 2877 de
1047 2802 1181 2876 duobus
1197 2802 1260 2875 fra·

146 2915 254 2990 tribus
275 2917 389 3012 (dl).n
405 2916 536 2991 Deinde
554 2916 607 2991 lex
625 2918 845 2993 subnectitur.

218 3032 260 3103 la
272 3031 416 3106 coneilio
428 3032 613 3133 liptiniensi
627 3061 683 3107 an.
699 3038 782 3107 783.
797 3036 860 3110 sub
874 3036 1009 3109 nomino
1021 3033 1257 3110 Karolomanni

145 3147 314 3247 principis
331 3147 516 3247 capitulare
530 3150 573 3221 11.
586 3177 616 3224 c.
633 3153 666 3223 ³.
682 3150 766 3224 baec
781 3151 945 3224 habentur
961 3148 1145 3222 «Similiter
1167 3173 1259 3247 prae·

218 3383 270 3445 (38)
284 3386 314 3434 ln
330 3396 395 3434 nova
419 3384 516 3434 collect.
541 3385 672 3435 baluziana
689 3381 884 3448 capitularium
905 3397 997 3447 rocam
1013 3383 1137 3445 francor.
1158 3385 1217 3432 torn.
1239 3385 1257 3432 Ι.

143 3475 198 3525 pag.
216 3470 237 3512 r.

216 3541 269 3604 (ts)
284 3545 407 3594 namra
413 3543 536 3605 francor.
549 3545 593 3595 lib.
605 3548 635 3595 v.
647 3557 669 3594 c.
682 3548 747 3595 11111.
761 3543 799 3595 cd.
812 3545 881 3595 Paris
893 3552 960 3595 loss.
970 3556 1024 3608 pag.
1038 3551 1091 3595 222.

218 3624 270 3685 (to)
287 3626 315 3673 ln
331 3625 432 3675 Collect.
444 3626 536 3675 Bnluati
548 3628 608 3675 tom.
622 3628 704 3689 long.
715 3634 754 3677 tt.

217 3704 269 3766 (tt)
285 3704 324 3754 Cf.
339 3705 365 3754 tn
384 3705 476 3755 codice
491 3705 578 3769 lecum
593 3709 775 3769 antiquarum.
795 3707 948 3756 Francosurti
967 3709 1117 3769 {Glauces
1128 3703 1262 3767 loncobar-

143 3783 241 3835 dorum
252 3783 295 3834 lih.
308 3786 339 3833 11.
352 3786 390 3836 tit.
401 3787 466 3835 vlu.
480 3789 517 3835 Dc
526 3785 666 3850 prottbttts
683 3788 809 3849 oaptttsa
828 3794 850 3836 3.
862 3800 918 3849 pag.
929 3793 983 3836 593.
998 3784 1093 3835 Similia
1101 3785 1139 3834 his
1150 3770 1263 3846 legumud

143 3862 209 3912 thid.
222 3865 268 3911 Ex.
280 3876 318 3925 gr.
331 3876 384 3928 cap.
399 3866 430 3914 11.
450 3864 662 3928 aecumenicam,
680 3868 795 3928 neptem,
812 3878 958 3927 novercam,
977 3865 1060 3915 fratris
1076 3877 1197 3925 uxorem,
1219 3863 1258 3913 ve!

146 3944 222 3992 etiam
238 3943 270 3993 de
285 3945 384 4008 propria
400 3946 555 4008 cognatione,
566 3948 609 3995 aut
620 3959 695 4009 quarn
706 3948 824 4009 cognatus
836 3946 962 4007 habuerit,
975 3946 1057 3996 nultus
1068 3944 1158 3997 audeat
1168 3945 1194 3993 ta
1204 3957 1261 3994 con·

148 4026 216 4089 iugio
234 4026 360 4088 copulam.
378 4027 405 4076 Si
420 4027 477 4089 quis
489 4026 548 4077 huic
563 4027 607 4077 tui
623 4029 716 4078 nesano
732 4029 846 4091 coniugio
861 4041 888 4079 se
903 4028 1072 4091 coniunxerit,
1082 4030 1106 4077 et
1121 4028 1146 4076 in
1162 4040 1191 4076 eo
1207 4039 1259 4089 per-

146 4105 274 4168 manserit,
283 4108 354 4156 octat
363 4119 391 4157 sa
400 4106 540 4171 cpucopatt
547 4111 707 4159 auctoritate
714 4108 891 4159 anathematis
901 4108 1008 4160 otncuto
1017 4121 1070 4158 erse
1079 4106 1260 4158 innodatum.»

145 4186 170 4236 et
180 4199 237 4250 cap.
248 4189 340 4238 iambe
349 4187 389 4238 his
396 4186 619 4250 coniunctionibus,
631 4202 699 4252 quae
707 4188 854 4241 secundam
863 4202 976 4240 canonos
985 4189 1108 4240 molestae
1120 4187 1260 4239 etedictom

144 4266 275 4330 manuue
296 4279 348 4318 esse
367 4280 417 4318 non
439 4270 557 4331 pomum,
576 4269 667 4332 placuit
689 4269 776 4329 nobis,
792 4272 821 4321 ut
836 4270 867 4322 ab
883 4269 988 4322 invicem
1009 4271 1181 4335 separentur.»
1196 4265 1260 4318 thid.

146 4359 201 4410 pig,
215 4353 269 4399 aas.

1187 4428 1208 4470 s
