2804 5062
275 391 344 445 cnr.
361 393 385 444 r.
401 391 475 444 orn.
493 393 565 444 rora
582 393 709 445 rorssr.
726 393 850 445 cirrus.
868 395 938 445 rar.
962 393 985 444 ι.
1122 371 1190 444 3ί9

153 509 383 584 Nihilominus
415 509 451 581 in
480 510 707 584 conscientiae
740 510 811 584 loro
844 527 876 584 et
906 535 1018 584 coram
1050 510 1194 586 ecclesia

109 625 250 702 :asmodi
276 626 433 723 coniugia
458 641 530 701 rata
547 651 587 700 ac
603 625 716 700 valida
741 643 837 714 sunt,
866 626 1069 728 quandoque
1092 627 1195 701 etiam

109 743 191 830 cita3
208 741 290 841 quia
302 739 457 841 quamvis
472 738 616 815 ecelesia
632 741 800 840 improbet
815 740 1077 816 inobedientiam
1095 741 1195 817 iustis

110 856 234 956 gibus,
264 872 366 956 atque
382 881 441 930 eos
457 854 613 944 damnet,
634 856 694 956 qui
712 855 862 930 debitum
881 855 1082 956 obsequium
1099 855 1195 929 exhi·

109 997 161 1047 are
186 969 372 1045 detrectant
397 970 567 1068 legitimae
592 972 801 1061 auctoritati;
827 987 938 1047 tamen
963 973 998 1045 in
1024 970 1195 1046 nonnulhs

110 1113 192 1162 trum
210 1087 399 1175 adiunctis,
421 1104 455 1161 et
470 1088 670 1163 iustissimis
687 1089 801 1163 causis
827 1090 957 1188 cogitur
973 1115 1014 1163 ea
1031 1087 1192 1176 tolerare,

110 1229 142 1280 to
154 1202 268 1278 solum
281 1205 329 1276 uti
342 1202 468 1292 valida,
486 1204 547 1278 sed
565 1204 667 1278 etiam
679 1205 729 1278 uti
743 1204 834 1280 licita
847 1205 985 1280 habere.
995 1204 1126 1279 Exinde
1143 1203 1192 1293 fit,

110 1335 117 1394 t
132 1318 306 1392 interdum
323 1317 425 1392 iidem
444 1319 605 1417 coniuges
623 1317 770 1417 legitime
787 1318 945 1421 liciteque
960 1320 1109 1420 copulati
1126 1319 1197 1395 sint
1292 1395 1296 1402 ,

110 1433 222 1509 ilecie
237 1432 417 1521 ecclesiae,
437 1448 472 1507 et
488 1448 599 1506 tamen
623 1460 690 1508 non
716 1460 816 1508 secus
841 1460 881 1509 ac
906 1434 1076 1509 fornicarii
1094 1449 1197 1535 atque
1314 1430 1316 1433 ’

110 1547 264 1624 lulterini
288 1573 401 1622 eoram
425 1547 501 1648 lege
524 1548 615 1622 civili
640 1564 844 1648 spectentur.
866 1549 989 1625 Contra
1013 1576 1093 1625 vero
1117 1574 1197 1625 oon·

110 1664 181 1764 ugit
213 1663 418 1765 quandoque
445 1664 565 1765 (quod
597 1680 710 1738 tamen
736 1665 772 1737 in
797 1680 886 1740 statu
911 1691 989 1741 vare
1014 1665 1198 1741 christiano

110 1780 276 1878 intingere
301 1804 486 1880 numquam
511 1777 688 1876 deberet),
715 1795 753 1855 ut
782 1778 922 1878 legitimi
948 1779 1100 1854 incivili
1126 1781 1198 1855 loro

110 1896 245 1993 ›niuges
262 1908 476 1994 spectantur,
492 1894 550 1995 qui
565 1910 737 1996 tamquam
755 1894 985 1969 concubinarii
998 1894 1043 1968 ab
1054 1893 1199 1969 ecclesia

110 2011 302 2096 eiiciantur,
319 2035 395 2085 eum
409 2010 578 2109 quaedam
595 2035 715 2111 nempe
731 2009 823 2108 leges
840 2009 991 2083 feruntur
1012 2010 1199 2085 contrarias

111 2126 250 2202 telesiae
271 2123 479 2214 canonibus,
507 2125 632 2226 quibus
657 2126 824 2201 eiusmodi
849 2126 985 2226 nuptiae
1011 2124 1195 2200 irritantur.
1272 2223 1274 2228 ,

155 2241 313 2316 Ceterum
338 2240 514 2339 coniugale
533 2240 705 2316 vinculum
728 2242 763 2314 in
788 2241 1003 2315 matrimonio
1027 2240 1119 2342 quod
1144 2266 1200 2315 ec-

111 2356 192 2432 asia
217 2354 381 2456 approbat
397 2355 447 2428 uti
464 2354 634 2443 validum,
656 2356 789 2428 firmum
815 2370 946 2444 manet,
974 2380 1042 2429 non
1066 2353 1200 2429 obstan·

111 2471 179 2546 bus
205 2469 384 2572 quibusvis
407 2470 492 2569 legis
512 2470 622 2545 civilis
642 2470 957 2559 constitutionibus,
979 2471 1081 2572 quia,
1102 2487 1202 2572 prout

111 2589 329 2692 rposuimus,
350 2612 410 2662 eae
427 2588 590 2685 attingere
607 2588 700 2663 nullo
717 2588 817 2663 modo
833 2604 977 2687 possunt
994 2603 1201 2663 contractum

111 2703 385 2792 aeramentulem,
415 2704 474 2804 qui
499 2704 619 2777 harum
643 2704 755 2803 legum
779 2704 948 2778 obiectum
967 2731 1044 2779 esse
1069 2704 1196 2804 nequit,

158 2820 269 2920 Atque
294 2819 378 2892 haec
403 2834 455 2893 est
478 2818 647 2908 doctrina,
668 2846 771 2920 quam
796 2844 913 2893 omnes
940 2834 1028 2894 recte
1053 2819 1201 2894 sentien-

111 2963 139 3012 ts
165 2933 324 3010 catholici
349 2933 497 3032 theologi
524 2935 680 3023 tradunt,
714 2951 814 3036 atque
844 2963 885 3009 ex
909 2935 1063 3034 professo
1087 2935 1202 3010 delen-

111 3067 174 3127 nnt
199 3066 412 3151 tuenturque.
441 3050 545 3125 Nobis
571 3052 656 3125 satis
678 3052 723 3126 sit
743 3052 939 3152 speciminis
965 3053 1072 3149 gratia
1096 3077 1201 3125 unum

112 3167 273 3242 iterumve
300 3193 572 3241 commemorare.
604 3167 642 3240 ld
668 3167 782 3268 itaque
811 3167 955 3240 adstruit
980 3164 1202 3238 Bellarminus

112 3308 294 3384 npugnans
320 3282 508 3356 haereticos
533 3280 639 3356 seculi
663 3282 734 3353 xvl
759 3283 824 3376 (l);
848 3280 926 3353 item
949 3279 1096 3353 Basilius
1116 3281 1203 3354 Pon-

113 3424 156 3474 us
172 3403 239 3496 (5),
256 3398 348 3472 card.
365 3398 452 3472 Gotti
469 3402 534 3494 (6),
552 3397 679 3498 aliique
695 3397 825 3496 passim
844 3422 930 3497 quos
947 3409 1097 3469 recenset
1115 3395 1203 3468 Gon·

112 3513 182 3590 alez
197 3516 263 3609 (7).
279 3514 399 3588 Verum
421 3540 488 3588 non
509 3527 560 3587 est
585 3511 675 3612 quod
702 3511 818 3611 plures
843 3511 916 3584 sive
941 3509 1113 3607 theologos
1130 3509 1205 3583 sivo

112 3630 174 3703 tris
199 3629 325 3729 peritos
348 3629 549 3716 alienamus,
571 3653 675 3728 quum
693 3627 791 3700 nobis
809 3643 944 3726 praesto
960 3626 1006 3699 sit
1023 3624 1203 3698 auctoritas
1292 3710 1296 3718 Ι

112 3744 213 3819 ammi
239 3743 410 3844 pontificis
428 3743 478 3816 Pii
497 3743 570 3831 lx„
592 3742 650 3843 qui
670 3743 824 3842 apprime
841 3766 1020 3817 secernens
1038 3766 1096 3828 ea,
1116 3763 1203 3840 quae

160 4029 198 4095 (t)
212 4031 252 4080 Dc
265 4030 384 4080 motum.
397 4040 451 4092 cap.
462 4029 561 4079 xxxlt.
574 4042 599 4079 n.
616 4036 639 4080 2.
653 4035 676 4080 ³.
688 4032 712 4079 t.

161 4111 198 4174 (t)
214 4111 243 4160 lu
258 4111 330 4160 tract.
350 4112 386 4159 Dc
401 4111 518 4160 motrtm.
532 4109 703 4160 lih.v1.c.t.

162 4191 199 4254 (o)
214 4190 300 4242 Theol.
311 4189 434 4242 scholast.
445 4189 560 4254 doomot.
575 4191 635 4240 tom
646 4192 711 4241 xlv.
722 4192 815 4242 Itonos.
835 4192 902 4240 1734.
922 4190 961 4239 Dc
976 4189 1094 4240 matrim
1106 4189 1204 4240 loceit.

116 4270 502 4416 'viiiirisieilhiiiriat
514 4352 552 4402 ut.
564 4356 688 4416 napa
714 4354 749 4403 n·
762 4352 982 4403 emman.
997 4353 1035 4402 rt.
