2804 5062
143 369 212 444 268
384 390 446 444 rm.
466 390 503 442 ιι.
524 387 610 442 sacr.
632 388 656 440 1.
675 389 717 440 or
734 386 860 440 rorssr.
882 387 1008 441 scmus.

213 511 322 614 Atque
347 510 430 587 haee
455 526 549 600 sunt,
571 535 658 612 quae
682 509 840 608 colligere
865 511 958 611 potui
984 509 1131 610 suisque
1155 509 1246 585 docu-

141 629 265 703 mentis
282 626 500 702 communire.
521 626 583 701 Ast
599 650 667 701 non
684 624 768 700 satis
784 626 1037 728 pmsperissem
1054 624 1139 701 buic
1160 651 1248 724 argu·

141 759 254 820 mento
271 743 338 818 nisi
355 743 536 817 adiicerem
553 741 627 817 loca
643 741 756 816 omnia
772 741 897 843 quibus
914 768 956 817 er
968 768 998 816 s.
1012 739 1110 816 sedis
1128 739 1249 815 indulto

142 873 280 934 extensa
297 873 349 934 est
364 857 554 932 Declaratio
571 857 688 932 dataa
711 856 891 932 benedicto
914 856 998 929 XIV.
1019 855 1063 932 de
1088 855 1251 932 metrimo

142 974 210 1048 niis
235 971 447 1048 Hellandiae.
469 971 559 1049 llaec
584 971 674 1046 enim
698 971 861 1046 historica
886 971 1006 1046 notitia
1036 995 1107 1045 non
1139 997 1249 1072 parum

141 1086 283 1162 inservit
305 1087 503 1162 dirimendis
528 1086 800 1189 quaestionibus,
824 1111 911 1188 quae
936 1086 1125 1161 identidem
1152 1087 1250 1161 insur-

143 1217 229 1308 gunt
251 1203 342 1278 circa
363 1202 510 1279 valorem
535 1202 778 1301 coniugiorum.
800 1204 901 1293 llam,
925 1219 963 1277 ut
986 1201 1157 1293 vidimus,
1179 1204 1250 1277 baec

143 1317 332 1396 Declaratio
359 1317 438 1394 data
461 1333 515 1394 est
542 1318 586 1394 ad
611 1318 779 1394 connubia
803 1319 876 1393 rive
899 1317 1150 1395 haereticorum
1176 1318 1250 1394 inter

143 1459 200 1526 se,
219 1435 293 1512 sive
315 1434 360 1510 ad
385 1433 555 1510 connubia
578 1435 683 1510 mixta
705 1434 820 1510 valida
843 1433 1047 1518 declaranda
1073 1434 1149 1511 sire
1174 1459 1250 1537 quae

144 1549 181 1631 in
197 1549 390 1629 Foederatis
406 1550 588 1652 provinciis
600 1547 800 1625 Hellandiae
817 1547 899 1623 inita
916 1549 1061 1638 luerim,
1084 1550 1159 1626 sire
1175 1575 1249 1651 quae

144 1663 182 1742 in
210 1679 382 1767 posterum
408 1663 574 1739 inirentur
601 1662 675 1738 sine
699 1663 890 1765 praesentia
911 1662 1068 1766 parochi,
1104 1664 1248 1766 quamtis

143 1780 216 1857 illio
235 1779 444 1883 publicatum
465 1781 534 1854 iam
552 1779 652 1856 luerit
669 1779 803 1855 concilii
824 1779 996 1855 tridentini
1018 1778 1195 1856 decretum
1217 1779 1249 1854 de

142 1894 366 1974 matrimoniis
394 1893 625 1970 clandestinis.

218 2012 344 2102 Porro,
376 2027 415 2086 ut
437 2010 646 2086 ostendimus
676 2011 788 2088 allatis
817 2012 1027 2086 documentis
1051 2035 1094 2086 ac
1117 2010 1249 2087 decisio

147 2125 250 2204 nibus
280 2151 409 2202 roman.
431 2127 744 2225 congregationum,
776 2126 918 2202 ubilibet
946 2125 1097 2202 locorum
1123 2128 1161 2201 in
1185 2127 1250 2228 qui·

145 2240 211 2318 bus
240 2242 374 2318 concilii
406 2242 581 2317 tridentini
609 2243 779 2318 decretum
804 2241 1052 2342 promulgatum
1075 2258 1130 2318 est
1145 2268 1186 2318 ac
1202 2242 1250 2318 ob

145 2373 315 2435 semotum
330 2375 351 2447 ‚¹
371 2358 472 2432 etiam
497 2357 528 2432 si
554 2357 707 2455 regiones
740 2355 819 2431 illae
853 2357 888 2430 in
913 2356 1074 2433 ditionem
1108 2358 1250 2434 venerint

145 2471 407 2560 baereticorum,
436 2471 613 2548 christiani
638 2496 756 2545 omnes
780 2470 854 2569 lege
879 2470 937 2544 illa
960 2487 1137 2561 tenentur,
1163 2489 1250 2573 atque

146 2586 224 2664 ideo
249 2587 405 2685 coniugia
432 2586 501 2660 illie
526 2585 693 2660 celebrata
710 2587 784 2661 sine
801 2587 866 2661 bac
882 2587 1004 2676 lorma,
1025 2588 1150 2663 ceteris
1174 2587 1251 2690 pari·

146 2699 226 2791 bus,
254 2701 348 2775 nulla
371 2727 411 2775 ac
436 2701 531 2774 irrita
555 2700 733 2775 habentur.

220 2816 264 2889 Ut
304 2815 383 2889 huic
417 2815 629 2890 incommodo
662 2831 874 2891 occurrerent
910 2818 1040 2891 romani
1082 2818 1252 2918 pontifices

146 2928 331 3004 identidem
354 2928 620 3005 Declarationem
644 2929 757 3019 illam,
781 2956 868 3031 quae
896 2957 957 3030 pro
982 2928 1055 3006 sola
1080 2930 1253 3008 Hellandia

146 3045 304 3148 primitus
329 3044 408 3119 data
431 3061 483 3119 est
507 3046 551 3120 ad
576 3045 661 3119 alias
687 3047 857 3145 regiones,
880 3046 1020 3147 quaein
1046 3047 1124 3146 peri
1151 3071 1253 3122 neces

147 3161 247 3238 sitate
269 3161 508 3250 versabantur,
528 3160 759 3235 extenderunt.

185 3351 188 3358 ,
220 3275 347 3352 Eadem
374 3293 486 3352 autem
511 3276 670 3351 methodo
695 3277 731 3349 in
757 3278 877 3350 horum
894 3276 1044 3351 locorum
1062 3279 1253 3353 recensione

148 3407 299 3482 utemur,
316 3418 418 3494 quam
432 3391 600 3493 prosecuti
614 3417 731 3466 sumus
748 3392 837 3465 circa
854 3389 1118 3492 publicationem
1139 3390 1252 3468 decreti

149 3506 339 3596 tridentini,
356 3524 392 3582 ut
405 3506 513 3582 ordini
531 3523 565 3582 et
581 3505 722 3580 claritati
741 3506 975 3596 inserviamus,
996 3507 1200 3606 incipientes
1219 3504 1252 3581 ub

148 3621 294 3724 Europa.
316 3621 445 3723 ltaque:

222 3737 251 3808 1.
280 3736 319 3809 ln
345 3735 475 3812 Eunorr
500 3737 641 3837 ipsemet
665 3735 864 3812 Benedictus
889 3736 971 3810 XIV.
996 3763 1064 3811 non
1090 3737 1200 3812 solum
1224 3736 1250 3807 in

150 3851 392 3926 foederatorum
418 3851 573 3926 ordinum
597 3851 703 3950 belgii
730 3851 912 3951 provinciis
940 3850 1054 3925 valida
1086 3877 1165 3927 esse
1192 3874 1250 3923 me·

150 3982 279 4041 morata
302 3966 458 4064 coniugia
475 3964 597 4055 edinit,
618 3967 679 4042 sed
704 3983 887 4068 practerea,

224 4083 259 4153 1.
274 4081 404 4156 Similia
416 4083 627 4157 matrimonia
642 4083 756 4157 valide
773 4109 849 4156 esse
864 4082 964 4156 etiam
982 4096 1153 4157 contracta
1169 4097 1247 4156 extro

153 4194 238 4269 fines
262 4194 401 4269 dominii
433 4196 625 4271 eorumdem
660 4197 903 4272 foederatorum
937 4196 1095 4271 ordinum
1121 4195 1244 4278 abiis,

152 4310 211 4412 qui
237 4310 361 4389 addicti
387 4329 466 4388 sunt
490 4311 691 4390 militaribus
714 4313 840 4414 copiis,
861 4339 948 4411 quae
974 4312 1017 4388 ab
1043 4311 1165 4388 iisdem
1189 4310 1245 4385 loc·
