2804 5062
143 341 215 414 stt
382 360 443 413 sm.
466 359 502 412 n.
523 340 609 412 sios.
631 357 654 409 r.
675 356 717 408 ns
733 354 860 409 mm.
885 355 1012 410 mouns.

142 481 185 555 dt
209 478 325 553 mirari
358 476 511 566 desinet,
539 476 570 551 si
600 475 846 551 animadvertat
875 472 1096 575 quaestiones
1122 472 1167 548 de
1192 501 1262 551 ma-

59 627 61 633 ·
143 593 299 672 trimonio
325 591 512 667 infidelium
539 616 615 666 oum
640 591 838 665 tractatione
860 590 905 664 de
929 586 1149 665 matrimonio
1173 589 1262 664 chri-

142 711 254 787 stiano
287 708 508 784 intrinsecum
532 732 574 782 ao
598 705 817 806 multiplicem
850 732 974 779 nexum
1004 703 1160 794 babere,
1193 721 1262 781 tum

144 826 248 902 relate
259 824 306 899 ad
317 839 474 898 naturam
492 821 714 911 sacrementi,
735 848 839 923 quam
856 820 1048 896 infidelium
1064 819 1262 918 coniugium

143 942 285 1016 induere
308 955 419 1041 potest
444 955 522 1039 post
545 939 726 1038 coniugum
750 938 1028 1028 conversionem,
1059 953 1135 1012 tum
1160 936 1263 1012 relate

143 1056 188 1132 ed
212 1054 377 1131 ecclesiae
400 1068 619 1155 potestatem,
639 1080 727 1155 quae
748 1050 840 1152 leges
867 1049 964 1140 tulit,
986 1067 1058 1127 tum
1074 1051 1169 1127 circa
1185 1076 1263 1126 con-

144 1170 237 1270 iugia
262 1169 413 1245 fidelium
430 1195 508 1245 oum
526 1169 741 1257 infidelibus,
765 1183 836 1243 tum
857 1166 1005 1268 denique
1030 1166 1124 1242 circa
1147 1167 1261 1243 conin-

143 1287 222 1386 gia,
246 1311 335 1387 quae
356 1286 392 1359 in
417 1284 617 1360 infidelitate
638 1284 723 1359 inita
742 1298 820 1385 post
836 1282 1045 1383 baptismum
1064 1281 1121 1358 vel
1142 1281 1260 1358 confir·

143 1417 299 1491 masur,
324 1401 377 1478 vel
402 1400 648 1477 dissolvuntur.

217 1517 329 1593 Primo
360 1517 475 1617 itaque
503 1515 736 1618 quaestionem
768 1513 974 1614 agitabimus
1004 1511 1254 1613 theologicam,

144 1659 233 1736 quae
254 1633 423 1734 tripartita
442 1659 520 1709 esse
540 1646 669 1734 potest:
691 1631 864 1732 quaeritur
884 1631 993 1733 primo
1011 1655 1057 1704 en
1078 1655 1123 1704 ea
1143 1630 1189 1704 sit
1202 1654 1256 1703 na·

143 1764 219 1826 tura
241 1749 391 1849 coniugii
416 1750 453 1824 in
479 1747 679 1823 infidelitate
704 1747 802 1836 initi,
825 1761 863 1821 ut
886 1745 972 1821 solvi
999 1745 1133 1848 possit:
1161 1770 1255 1845 quse-

144 1865 230 1940 ritur
254 1864 403 1941 secundo
421 1892 465 1940 an
482 1880 517 1939 et
532 1863 701 1966 quomodo
727 1861 976 1936 matrimonium
1001 1860 1038 1935 in
1064 1858 1255 1951 infidelitate

144 1995 350 2057 conosctum
386 1981 549 2056 rationem
585 1977 706 2056 indust
738 1976 939 2054 sacramenti
974 1992 1054 2079 post
1084 1976 1255 2076 utriusque

143 2093 298 2193 coniugis
322 2095 548 2197 baptismum:
573 2093 750 2195 quaeritur
770 2091 867 2167 tertio
891 2117 973 2166 num
998 2088 1086 2166 ratio
1107 2089 1198 2166 adsit
1211 2114 1255 2164 sa·

144 2210 307 2285 oramenti
330 2236 371 2286 ex
394 2227 490 2314 parte
513 2208 644 2299 fidelis,
673 2209 702 2284 si
729 2207 997 2284 lorte'ulteruter
1021 2222 1156 2283 tantum
1184 2230 1254 2281 eon·

143 2339 312 2414 vertatur,
343 2324 396 2402 vel
422 2328 453 2403 si
486 2351 527 2400 ex
553 2324 718 2403 ecclesiae
752 2323 1008 2425 dispensatione
1039 2321 1155 2398 fidelis
1186 2345 1254 2398 cum

143 2439 273 2514 infideli
299 2440 549 2516 matrimonium
579 2441 682 2515 ineat.
710 2438 840 2514 Exinde
865 2438 924 2514 liet
949 2436 1115 2514 transitus
1141 2436 1185 2512 ad
1206 2459 1254 2511 eo·

143 2553 268 2629 clasiae
287 2554 544 2653 legislationem.

217 2669 268 2743 Dc
285 2671 394 2771 prima
411 2673 608 2770 quaestione
625 2697 732 2772 pauca
749 2671 895 2747 dicenda
912 2684 1099 2771 supersunt
1114 2684 1191 2770 post
1204 2691 1250 2754 ca,
1281 2768 1282 2771 Ἴ

143 2808 233 2882 quae
250 2783 285 2856 in
303 2784 586 2883 praelectionibus
604 2787 728 2862 nostris
741 2786 978 2862 constituimus
995 2787 1061 2882 (1).
1079 2783 1157 2859 lllio
1172 2783 1268 2858 enim

143 2899 353 2974 ostendimus
380 2916 449 2974 tum
476 2926 516 2975 ex
541 2928 610 2976 sao.
639 2901 784 2989 litteris,
816 2918 887 2975 tum
913 2927 953 2975 ex
981 2925 1087 2975 sensu
1114 2899 1250 2974 traditio

143 3011 231 3101 nali,
256 3029 326 3087 tum
351 3013 498 3115 denique
523 3043 563 3090 ex
588 3017 755 3091 sententia
777 3033 810 3091 et
835 3016 1031 3091 auctoritate
1050 3041 1137 3090 rom.
1155 3011 1249 3116 ponti-

143 3126 270 3217 ficum,
300 3132 533 3230 constantique
558 3132 722 3206 ecclesiae
748 3133 926 3207 universae
951 3131 1074 3230 agendi
1101 3133 1245 3215 ratione,

143 3244 273 3318 nullum
296 3271 397 3344 posse
423 3272 603 3346 superesse
628 3247 768 3321 dubium
790 3248 880 3322 circa
905 3247 1072 3322 eiusmodi
1091 3245 1248 3344 coniugio

145 3386 232 3446 rum,
253 3361 401 3458 legitima
415 3362 657 3436 interveniente
669 3364 884 3452 auctoritate,
900 3363 934 3435 in
949 3363 1158 3464 quibusdam
1174 3360 1247 3437 casi-

142 3473 206 3549 bus
220 3476 527 3552 dissolubilitatem.
536 3479 737 3553 Disiecimus
752 3480 891 3580 insuper
903 3478 1122 3554 difficultates
1136 3476 1245 3581 quibus

143 3590 296 3664 nonnulli
322 3594 395 3666 sive
419 3595 647 3694 antiquiores,
669 3596 741 3669 sive
760 3596 961 3669 recentiores
987 3612 1144 3670 auctores
1171 3594 1244 3666 bano

142 3708 305 3784 ecclesiae
325 3711 513 3785 doctrinam
539 3729 572 3785 ct
598 3714 728 3812 praxim
755 3713 952 3814 impugnare
968 3711 1082 3787 adnisi
1104 3728 1191 3789 sunt.
1206 3707 1243 3779 llo

142 3825 244 3920 igitur
260 3843 371 3901 sotum
397 3854 497 3926 agere
525 3828 719 3918 videamur,
750 3828 973 3903 haecomnia
999 3827 1076 3902 heic
1103 3825 1240 3901 innuisse

142 3940 310 4029 sufficiat,
340 3943 536 4043 pracsertim
563 3972 667 4043 quum
697 3945 850 4018 nonnihil
877 3971 917 4017 ex
944 3944 1107 4017 incidenti
1128 3942 1189 4015 bac
1206 3937 1238 4009 dt

143 4080 179 4128 re
199 4054 384 4131 dixerimus
403 4059 438 4130 in
456 4060 607 4133 sectione
626 4059 730 4133 altera
757 4060 835 4132 libri
862 4059 1003 4160 prioris,
1026 4059 1108 4132 dum
1126 4059 1168 4132 de
1181 4077 1236 4128 mer

143 4170 299 4245 trimonio
317 4174 408 4246 civili
434 4174 668 4274 loqueremur,
697 4192 730 4252 et
753 4175 822 4252 alie
848 4174 993 4252 dicenda
1018 4175 1140 4253 sintin
1157 4165 1232 4250 tertlt
1291 4232 1293 4237 -

214 4324 255 4385 (tl
264 4326 345 4377 Traot.
358 4328 396 4377 Dc
411 4329 528 4379 mstrtm.
540 4341 596 4404 cap
607 4331 636 4405 ll:
647 4329 761 4393 proult.
