2804 5062
143 371 212 432 m·
225 381 271 430 Vl.
285 381 325 430 ll!
337 381 431 432 fflll·
445 381 579 430 uticii.
592 381 656 430 11lr.
668 382 704 430 SE
716 383 777 431 vltl.
790 382 855 432 cula
865 383 958 433 (lull.
971 384 1041 433 altr.
1055 384 1090 434 11.
1137 352 1204 434 Μ

117 513 203 572 atum
216 513 271 570 est
284 512 319 570 et
330 497 518 571 executioni
532 496 738 571 mandatum.
751 498 838 596 Ergo
849 524 910 573 nec
917 498 1116 574 Benedictus
1122 498 1204 572 xlv,

117 610 197 686 llum
223 611 362 712 praehet
388 611 469 685 huic
494 612 678 686 sententiae
703 612 968 686 fundamentum.

169 725 271 812 Quod
298 741 411 798 autem
437 742 530 798 sexto
548 751 687 800 numero
704 727 839 826 ponitur
855 743 1103 824 argumentum,
1124 719 1209 802 illud

117 859 144 916 st
167 841 263 941 quod
290 840 396 913 solam
422 866 535 914 veram
561 840 793 915 difficultatem
819 858 919 916 creet.
942 841 1103 928 Quamvis
1128 868 1208 917 vero

117 982 224 1038 anon
250 954 356 1028 semel
380 955 415 1026 in
445 955 531 1053 ipsis
562 956 879 1052 congregationibus
917 957 1064 1029 romanis
1088 983 1211 1057 propo-

117 1071 160 1147 ita
182 1070 301 1157 luerit,
331 1096 529 1168 numquam,
547 1070 639 1169 quod
659 1071 782 1158 sciam,
800 1090 960 1169 expresse
976 1072 1123 1147 resoluta
1142 1088 1205 1147 est.

117 1199 169 1263 luo
185 1211 289 1286 perro
305 1200 397 1258 certa
414 1200 513 1273 sunt,
535 1185 694 1258 nimirum
709 1185 863 1284 llegem
881 1181 1097 1261 tridentinam
1115 1186 1209 1287 ipsos

117 1301 301 1379 catholicos
326 1299 477 1399 obligare
501 1300 560 1373 ubi
586 1300 689 1374 semel
716 1301 816 1375 luerit
841 1302 904 1376 rite
932 1303 1147 1403 promulgata
1175 1318 1209 1378 et

117 1447 128 1493 ι
151 1444 254 1493 usum
280 1416 441 1505 deducta;
463 1418 497 1488 2.
519 1442 581 1490 nec
607 1432 718 1490 umen
744 1443 846 1517 posse
871 1418 1037 1518 parochos
1063 1416 1206 1493 catholi-

117 1559 151 1610 os
163 1529 429 1609 acatholicorum
448 1531 577 1630 nuptiis
592 1531 817 1631 praesentiam
831 1559 928 1607 suam
940 1532 1098 1607 exhihere
1115 1536 1204 1630 (63).

117 1647 184 1735 ‚uid
216 1645 320 1744 igitur
344 1645 434 1718 lactu
459 1671 545 1745 opus
571 1644 648 1719 est?
665 1647 749 1719 Sunt
773 1647 833 1746 qui
858 1647 1084 1746 respondeant
1100 1648 1156 1722 his
1174 1648 1209 1720 in

117 1763 232 1840 usibus
259 1761 496 1835 recurrendum
514 1761 557 1833 ad
570 1760 725 1859 generale
749 1761 832 1834 illud
858 1762 1079 1862 principium,
1100 1761 1208 1860 legem

117 1903 280 1954 monam
307 1901 372 1949 non
397 1873 548 1972 obligare
566 1873 624 1947 uhi
643 1875 785 1977 physica
810 1891 867 1949 aut
889 1875 1027 1950 moralis
1052 1901 1127 1949 eam
1151 1874 1209 1949 oh-

117 1991 254 2069 arandi
279 1988 536 2089 impossibilitas
564 1989 781 2076 interveniat;
806 2007 907 2089 atque
933 1989 1059 2064 ideirco
1085 1991 1121 2062 in
1149 2016 1208 2064 su·

117 2106 205 2182 lecta
223 2105 380 2194 materia,
402 2102 541 2205 perinde
562 2131 602 2178 ao
619 2105 649 2178 si
668 2105 834 2204 parochus
859 2106 982 2179 absens
1008 2105 1124 2193 luerit,
1149 2120 1208 2179 aut

117 2247 155 2299 ao
178 2219 357 2323 possibilis
390 2247 453 2293 nec
487 2236 579 2293 tutus
605 2221 648 2292 ad
674 2248 750 2294 eum
786 2237 914 2319 pateret
941 2219 1086 2309 adituS,
1124 2220 1209 2294 satis

117 2362 184 2426 rae,
216 2352 254 2408 ut
279 2335 447 2408 interdum
472 2361 492 2407 a
517 2335 693 2410 catholicis
727 2336 812 2434 ipsis
846 2336 899 2422 lit,
932 2335 1117 2435 adimplere
1150 2333 1209 2408 de-

117 2468 222 2527 retum
240 2450 459 2524 tridentinum
476 2477 517 2523 ex
534 2475 574 2524 ea
592 2450 711 2525 saltem
725 2468 819 2550 parte
833 2477 901 2549 qua
913 2466 1040 2551 potest,
1070 2450 1209 2551 nuptias

117 2567 296 2644 alebrando
310 2566 544 2666 praesentibus
557 2566 690 2640 duobus
704 2580 762 2639 aut
775 2566 882 2640 trihus
897 2565 1039 2640 testibus
1061 2568 1150 2663 (ol).

162 2684 287 2755 Verum
305 2681 362 2753 alii
382 2698 546 2780 reponunt
570 2697 736 2755 assertum
755 2681 957 2780 principium
979 2697 1117 2757 eatenus
1140 2697 1211 2754 tan-

117 2825 161 2872 um
173 2798 301 2885 valere,
314 2813 479 2895 quatenns
494 2797 768 2896 impedimentum
781 2797 936 2870 servandi
951 2797 1056 2895 legem
1071 2797 1210 2872 aliunde

117 2917 298 3002 toleniat,
332 2941 433 3014 quam
463 2941 503 2987 ex
533 2913 633 3013 culpa
661 2914 763 3001 eius,
797 2914 855 3013 qui
890 2913 976 3012 legis
1008 2913 1210 3013 obligatione

164 3131 216 3196 (tlt)
231 3133 331 3182 atvero
342 3132 461 3195 congreg.
475 3129 610 3180 concildle
621 3136 660 3180 aa.
672 3132 725 3179 lun.
739 3128 946 3192 toalrescripsll:
958 3128 1033 3178 «slve
1043 3128 1106 3177 alter
1115 3127 1211 3177 tautum

117 3210 329 3276 tmmglhussit
339 3210 491 3273 haereticus,
501 3208 651 3272 strennuo,
666 3206 806 3259 nullatenus
821 3208 909 3258 dehere
927 3208 1060 3271 percellunt
1078 3206 1210 3257 haeretico-

117 3303 150 3343 Ι
163 3291 326 3343 matrimonio
339 3292 517 3342 assisterent]
528 3289 645 3340 indubiis
656 3286 832 3340 iurisdictionis
843 3287 1024 3352 capellanorum
1035 3285 1156 3336 camellus
1171 3284 1212 3335 dia

117 3397 125 3420 r.
133 3372 202 3423 llart.
210 3375 282 3423 1694.
293 3383 351 3420 com
360 3370 513 3434 propositum
524 3369 597 3419 inerit
607 3371 674 3419 vlll.
686 3369 753 3418 loco:
764 3371 820 3418 «An
828 3366 964 3431 cappellani
973 3364 1089 3416 catholici
1100 3364 1213 3415 assutus

117 3449 187 3502 rent
197 3450 364 3501 matrimoniis
374 3449 565 3499 acatholicorum
579 3461 635 3498 cum
649 3447 805 3510 acatholicis,
815 3448 841 3497 ct
853 3445 988 3510 respective
996 3440 1125 3496 catholicis
1136 3443 1212 3495 etlam

117 3530 160 3580 1η
169 3528 234 3581 luas
243 3529 588 3592 ltaliaalollesp.ll‘eocttoe.
603 3527 676 3585 Quod
693 3527 794 3590 quidem
805 3525 837 3575 ad
851 3524 912 3574 haec
927 3537 1006 3588 usquc
1022 3525 1209 3588 temperarem.

117 3609 223 3661 nlllleas
239 3609 431 3668 confirmarunt,
450 3611 479 3657 ut
493 3609 580 3657 notum
594 3608 640 3658 est.

166 3690 218 3754 (al)
234 3690 274 3740 lta
287 3687 411 3739 censuisse
420 3687 487 3738 card.
501 3687 675 3737 Bellarmlnum
688 3686 761 3737 relert
770 3685 862 3750 Sgohar
873 3686 899 3736 in
912 3680 997 3737 Theoi.
1008 3683 1121 3736 radicat.
1132 3685 1211 3734 trust.

117 3774 150 3822 la
166 3783 225 3834 cap.
245 3775 269 3819 l.
284 3771 322 3819 Dc
335 3771 452 3818 mulum.
470 3767 598 3818 clandest.
615 3781 670 3831 pag.
689 3775 743 3817 aas.
763 3769 866 3830 eiusque
880 3761 1020 3817 meminisse
1037 3767 1130 3815 llctcm
1144 3775 1209 3812 rom.

117 3851 177 3903 teu.
187 3857 244 3904 δοῦ.
255 3861 281 3899 a.
291 3852 414 3912 talique
424 3849 523 3912 insuper
534 3849 569 3898 ita
579 3849 653 3898 etiam
665 3847 818 3911 respondisse
829 3861 940 3910 congreg.
946 3846 1044 3897 coucilil
1053 3844 1093 3895 die
1100 3845 1210 3908 assent

117 3936 166 3983 m.
181 3933 207 3981 et
221 3931 247 3980 iu
261 3942 318 3980 una
332 3929 416 3994 Beiutt
433 3934 471 3980 27,
486 3931 558 3979 lllart.
581 3935 648 3980 1632.
666 3930 737 3980 iuxta,
750 3929 875 3978 decretum
896 3926 963 3992 quod
983 3927 1057 3976 relert
1070 3927 1096 3976 ct
1110 3926 1213 3975 exornat

117 4009 161 4062 ud.
170 4011 246 4061 vinc.
256 4012 328 4060 Petra
337 4010 415 4060 malor
424 4010 624 4073 poenitentiarius
635 4011 694 4058 torn.
711 4011 752 4058 lv.
767 4006 955 4058 conmanunt
972 4007 1080 4056 constit.
1091 4006 1160 4055 XII.
1173 4006 1210 4054 lo·

117 4092 165 4143 m
174 4093 254 4143 xxll.
266 4104 292 4141 n.
304 4098 343 4143 ao.
356 4094 380 4141 et
392 4093 522 4154 Fugnanns
534 4091 560 4139 ln
570 4104 624 4155 cap.
636 4094 663 4140 st
675 4089 787 4140 clericus
796 4103 820 4139 n.
834 4097 872 4139 aa.
885 4091 923 4138 De
930 4086 995 4149 fero
1006 4087 1158 4158 competent.
1168 4086 1212 4136 Ast

117 4183 241 4236 &peram
253 4184 313 4221 nam
332 4170 363 4220 dc
379 4170 427 4220 alia
444 4171 546 4220 omnino
567 4184 593 4220 re
613 4170 736 4220 disserunt
755 4167 874 4219 elusruodi
893 4170 1018 4229 auotoroe,
1034 4166 1079 4217 sed
1099 4165 1130 4216 da
1149 4176 1209 4215 casu

117 4264 185 4318 tque
196 4252 321 4316 parochus
340 4250 418 4313 reipsa
431 4249 465 4300 sit
479 4249 579 4312 absens,
598 4261 645 4299 nec
665 4249 733 4299 tutus
755 4249 836 4313 pateat
849 4247 880 4298 ad
898 4259 956 4298 eum
976 4245 1070 4309 aditus,
1084 4246 1113 4296 ut
1127 4243 1212 4295 videre

117 4333 132 4382 t
151 4333 220 4398 apud
240 4332 308 4383 card.
325 4333 397 4383 Petra
406 4334 430 4382 ct
441 4333 581 4394 Faguauum
591 4331 639 4382 loc.
654 4329 707 4381 olll.
1121 4405 1139 4456 ο

169 4413 195 4469 ll
1106 4409 1119 4458 l
