2804 5062
144 337 191 410 m
222 412 224 422 ,
250 406 254 414 .
287 409 308 415 ,,
327 375 342 415 ι,
362 355 424 412 uta.
444 355 479 412 n.
497 353 587 415 eser.
607 355 687 409 aas
703 356 829 411 maana.
851 356 975 410 meum.

144 479 180 554 in
205 474 420 565 infidelitate,
441 501 481 550 ee
506 473 645 575 proinde
665 473 744 548 data
767 491 820 550 est
845 474 986 549 facultas
1009 480 1247 576 perseverandi

142 595 179 668 in
199 593 357 692 aaniu'gio
380 594 447 667 iam
472 591 554 665 inito
579 615 695 664 reeens
720 589 919 690 baptizatis,
939 591 1181 670 nonobstante
1197 622 1249 671 ea·

143 707 535 810 nonleoimpedimento.

216 822 314 898 lliud
338 820 428 923 quod
447 820 791 920 affertur'exemplum
812 820 1053 896 relaxationem
1076 825 1248 900 eiusmodi

144 941 329 1041 petitursx
350 962 380 1012 s.
408 936 566 1034 Gregorio
590 937 634 1008 ll.
656 936 717 1036 qui
743 961 810 1010 seo.
834 936 920 1009 Vlll.
950 936 1139 1012 facultatem
1172 940 1250 1016 feeit

144 1054 312 1154 germanis
328 1077 445 1128 reeens
463 1051 585 1152 petitas
601 1051 644 1126 ad
666 1050 883 1127 christianam
902 1051 1097 1151 religionem
1115 1079 1250 1132 eonver-

144 1169 194 1245 sis
214 1195 316 1270 opera
338 1195 369 1244 s.
392 1167 579 1257 Bonifatii,
605 1167 764 1265 iungendi
791 1167 927 1267 nuptias
949 1194 1025 1245 oum
1050 1172 1250 1270 eonsangui

145 1286 219 1360 nais
240 1301 317 1386 post
339 1300 493 1387 quartum
515 1282 675 1381 gradum,
696 1280 851 1357 videlieet
869 1282 905 1355 in
930 1283 1072 1384 quinto,
1097 1304 1195 1361 sexta
1218 1302 1251 1361 et

144 1402 307 1501 septimo,
330 1401 389 1502 qui
406 1414 601 1500 tempestate
624 1397 682 1472 illa
699 1387 972 1499 impedimentum
988 1399 1152 1476 dirimens
1173 1427 1250 1476 eon·

144 1514 341 1591 stituebant:
365 1513 647 1591 «concedendum
664 1528 735 1601 est,
760 1513 871 1614 inquit
886 1538 917 1588 s.
934 1513 1101 1614 pontifex,
1121 1531 1159 1590 ut
1176 1534 1251 1618 post

145 1645 299 1732 quartam
325 1628 571 1729 generationem
593 1627 774 1726 iungantur
794 1629 825 1724 (1
834 1628 916 1724 f).»
937 1627 1124 1703 Eiusmodi.
1139 1642 1250 1705 autam

147 1745 430 1846 dispensationem
443 1770 577 1845 quoque
589 1743 730 1819 loealem
746 1769 786 1818 an
803 1759 1051 1843 temporaneam
1062 1743 1172 1820 fuisse
1186 1744 1251 1821 eol

145 1857 260 1958 ligitur
283 1885 323 1934 ex
341 1858 482 1964 epistola
507 1859 655 1958 Gregorii
676 1856 734 1933 lll.
763 1857 822 1958 qui
847 1856 890 1930 ed
907 1857 1062 1933 eumdem
1082 1859 1252 1961 arehiepi-

145 1999 283 2075 soopum
315 1975 544 2073 moguntinum
573 1974 781 2050 Bonifatium
816 1972 917 2073 paulo
945 1989 1021 2074 post
1049 1976 1247 2077 resodpsit:

152 2090 376 2191 «Progeniem
394 2116 472 2167 nero
491 2115 587 2166 suam
607 2115 880 2191 unumquemque
900 2115 1001 2189 usqne
1021 2089 1067 2163 ed
1081 2093 1253 2189 septiviram

145 2208 382 2305 generationem
402 2205 580 2281 observare
604 2204 815 2280 decernimus
843 2206 966 2300 (lile
993 2204 1064 2278 lam
1083 2228 1162 2280 vero
1188 2205 1252 2286 hae

146 2319 182 2392 in
204 2318 406 2400 relaxatione
422 2344 489 2402 non
507 2319 616 2397 solum
633 2320 744 2418 agitur
763 2318 806 2393 de
828 2319 892 2406 iis,
919 2319 978 2419 qui
1000 2319 1035 2392 in
1054 2319 1252 2396 infidelitate

147 2435 281 2536 nuptias
307 2434 468 2522 inierant,
493 2432 554 2509 sed
577 2433 620 2507 de
643 2432 799 2508 facultate
823 2433 902 2511 data
926 2434 994 2508 iam
1017 2437 1192 2518 conversis
1213 2462 1252 2511 ae

145 2547 326 2648 baptizatis
343 2546 488 2622 ducendi
508 2548 543 2620 in
562 2573 698 2622 uxorem
717 2548 998 2646 eonsanguineam
1022 2548 1057 2620 in
1079 2550 1189 2626 tribus
1206 2577 1253 2626 re

145 2663 284 2737 censitis
306 2661 467 2759 gradihus
489 2662 690 2762 prohibitis,
716 2680 752 2737 ut
773 2679 862 2763 petet
882 2689 922 2738 ex
945 2664 1117 2764 pontificia
1139 2665 1252 2741 uerbis

145 2790 182 2848 at
201 2790 278 2872 post
301 2789 452 2874 quartam
474 2777 710 2875 generationem
727 2779 923 2874 iampantnr,
950 2803 1016 2853 non
1035 2794 1146 2853 autem
1165 2795 1204 2857 ιιι
1218 2780 1253 2853 iu

146 2889 462 2990 nuptiisanteaotis
487 2906 712 2989 permaneant.
740 2891 824 2965 Vera
842 2891 943 2990 igitur
964 2919 1004 2966 ae
1023 2918 1141 2993 presse
1163 2894 1253 2968 dieta

146 3023 170 3079 a·
187 3031 218 3079 s.
237 3004 392 3104 Gregorio
416 3007 460 3077 ll.
488 3005 697 3105 dispensatio
721 3006 888 3094 (intueat,
918 3034 979 3082 seu
1000 3008 1035 3080 iu
1060 3036 1165 3084 sensu
1186 3035 1253 3111 quo

144 3148 219 3196 eam
232 3121 294 3197 ‘hio'
311 3122 496 3222 aenipimus
507 3151 516 3210 3
527 3121 599 3199 etsi
617 3121 653 3195 id
664 3121 788 3198 laetum
806 3122 904 3197 fuerit
920 3149 961 3198 en
978 3124 1141 3224 peculiari
1161 3151 1254 3201 oeae

145 3238 258 3314 nomia
274 3238 386 3338 quoad
400 3236 476 3314 illos
490 3236 632 3337 populos
645 3239 703 3337 qui
717 3264 823 3337 nuper
840 3237 940 3322 fidem
955 3239 1121 3339 complexi
1139 3256 1251 3328 mant,

147 3381 190 3430 ne
208 3380 249 3428 ex
267 3355 374 3428 nimia
390 3340 566 3430 severitate
591 3354 634 3427 ab
658 3354 775 3429 eadem
798 3355 1062 3442 retraherentur,
1083 3382 1160 3430 eum
1178 3358 1254 3458 qui·

145 3467 210 3543 bas
236 3484 411 3568 propterea
429 3469 543 3569 aliqua
564 3468 728 3567 prudente
747 3468 954 3566 indulgentia
974 3495 1060 3568 opus
1082 3486 1169 3553 erat,

229 3582 347 3668 Quoad
372 3582 575 3662 christianos
601 3609 679 3658 vero
705 3584 795 3671 iam,
824 3600 861 3658 ut
885 3584 932 3658 ita
954 3582 1097 3686 loquar,
1126 3583 1255 3660 infide

142 3694 279 3775 vadultos
304 3695 468 3769 eiusmodi
490 3696 780 3796 dispensationum
805 3697 960 3801 exempla,
981 3724 1047 3772 non
1072 3715 1256 3799 suppetunt

145 3809 244 3889 nobis
262 3837 323 3911 per
343 3809 377 3882 id
397 3810 558 3910 temporis
575 3836 614 3883 ox
634 3809 861 3887 ecclesiastiea
879 3811 1040 3900 historia,
1064 3811 1125 3886 sed
1144 3812 1254 3890 solum

147 3924 244 3999 nobis
267 3925 395 4025 aliquot
413 3941 545 4026 praesto
570 3940 648 3999 sunt
673 3925 715 4000 de
735 3926 832 3999 venia
857 3925 934 4000 data
957 3928 1192 4026 perseverandi
1220 3930 1253 4002 in

213 4143 264 4206 (ιι)
277 4145 356 4207 epta.
374 4147 440 4196 xfff.
453 4107 652 4196 admittentem
663 4146 802 4210 episcopum
812 4159 836 4198 n.
852 4154 889 4197 ιι,
901 4147 927 4197 in
938 4146 1044 4199 collect.
1058 4147 1176 4212 amptius.
1197 4162 1256 4200 cea·

145 4222 231 4273 altior.
248 4225 333 4274 venet.
349 4227 409 4276 tom
422 4227 477 4277 tut.
491 4225 539 4276 eol.
553 4228 607 4278 tte.

213 4301 263 4365 (ta)
279 4302 354 4367 Epist.
368 4307 399 4354 V.
410 4302 441 4355 ad
453 4303 562 4356 Bonifm
574 4305 715 4369 archiepisc.
732 4319 755 4354 n.
774 4314 797 4356 t.
811 4305 872 4357 tota.
889 4307 935 4358 ool.
952 4311 1006 4359 ιιι.
