2804 5062
140 377 225 449 1280
398 399 461 450 ιιιι.
482 399 518 450 ιι.
540 399 626 450 sacr.
649 400 672 448 ι.
694 399 734 449 nr
752 399 878 451 rorrsr.
900 400 1027 454 recum.

155 544 258 619 quam
285 516 450 593 foeminae
475 517 539 593 loci
564 519 599 590 in
625 544 693 619 quo
719 543 815 593 conc.
837 519 1057 596 tridentinum
1087 522 1123 592 in
1152 540 1274 622 puncto

153 632 359 707 matrimonii
386 649 438 707 est
461 632 706 735 promulgatum
741 649 955 710 transeuntes
980 662 1043 735 per
1067 635 1210 727 locum,
1238 641 1272 712 in

154 775 222 851 quo
240 749 367 825 dictum
384 748 564 824 concilium
579 775 645 824 non
659 766 711 824 est
724 748 972 848 promulgatum
987 753 1173 828 retinentes
1186 755 1271 829 idem

154 865 382 953 domicilium,
409 864 522 939 valide
548 866 682 965 possint
698 866 733 938 iu
751 866 816 940 isto
831 864 906 942 lucu
924 868 1180 944 matrimonium
1202 872 1271 946 sina

152 981 301 1083 parocho
328 998 361 1055 et
386 980 527 1055 testibus
552 980 780 1055 contrahere?
795 1025 812 1038 -
825 983 1005 1071 Secundo,
1034 984 1144 1084 quid,
1176 987 1204 1059 si
1233 1013 1270 1061 eo

152 1097 317 1197 praedicti
342 1096 473 1171 incolae
490 1113 558 1170 tam
577 1096 742 1186 masculi,
764 1124 867 1198 quam
884 1099 1052 1173 foeminae
1070 1099 1146 1175 solo
1163 1106 1270 1177 animo

153 1212 230 1286 sine
251 1213 400 1313 parocho
425 1229 459 1286 et
484 1211 626 1287 testibus
650 1213 869 1288 contrahendi
898 1240 936 1288 se
960 1216 1190 1304 transierant,
1215 1219 1271 1292 ha·

151 1328 348 1404 litationem
374 1355 441 1404 non
465 1329 658 1403 mutantes?
670 1373 685 1385 -
699 1330 827 1418 Tertio,
848 1330 950 1430 quid,
971 1331 1001 1404 si
1019 1332 1126 1407 iidem
1146 1334 1270 1408 incolae

152 1461 220 1520 tam
243 1445 406 1533 masculi,
435 1472 536 1546 quam
562 1446 730 1519 foeminae
748 1472 788 1520 eo
806 1445 1008 1520 transferant
1024 1446 1267 1524 habitationem

151 1560 212 1637 illo
230 1560 303 1635 solo
321 1563 450 1650 animo,
471 1576 509 1634 ut
525 1561 655 1662 absque
672 1561 820 1662 parocho
837 1577 870 1634 et
887 1561 1030 1636 testibus
1047 1563 1268 1639 contrahant?

151 1676 258 1751 lidem
292 1677 483 1751 cardinales
513 1676 555 1750 ad
586 1677 613 1749 l.
635 1693 668 1750 et
686 1677 729 1748 11.
752 1701 819 1750 non
848 1701 924 1750 esse
947 1674 1140 1775 legitimum
1163 1679 1266 1753 matri·

152 1792 303 1868 monium
322 1792 408 1866 inter
426 1793 478 1866 sic
490 1818 529 1865 se
541 1792 781 1866 transferentes
798 1816 839 1865 ιο
856 1806 1071 1866 transeuntes
1088 1819 1171 1867 cum
1188 1796 1265 1868 lrau

150 1908 213 1983 de:
241 1907 285 1983 ad
305 1909 364 1980 lll.
384 1933 464 1983 uero
485 1906 666 1982 dubiorum
690 1906 904 1993 huiusmodi,
920 1908 949 1980 si
964 1907 1179 1982 domicilium
1195 1935 1263 1983 vere

153 2025 391 2111 tmnsleratur,
418 2023 668 2098 matrimonium
686 2049 763 2097 esse
778 2022 949 2110 ualidum,
969 2025 1220 2124 responderunt
1236 2040 1263 2099 et

151 2139 362 2216 resolverunt
379 2141 516 2234 (1ι8).»

222 2256 306 2331 Cum
329 2255 373 2330 ad
398 2255 550 2328 eamdem
577 2282 606 2328 s.
628 2280 785 2352 congreg.
807 2253 919 2328 delata
942 2254 1066 2329 luisset
1086 2282 1109 2329 a
1130 2257 1199 2331 vio.
1218 2282 1261 2355 ge

149 2371 253 2447 uerali
280 2370 582 2472 grationopolitano
607 2370 760 2471 quaestio
783 2384 894 2442 utrum
919 2368 1071 2443 ualidum
1089 2388 1184 2446 esset
1199 2397 1261 2446 oen

149 2491 290 2564 sendum
317 2488 566 2562 matrimonium
594 2486 770 2560 aduobus
797 2485 902 2560 Gallie
928 2487 1070 2561 Londini
1096 2504 1178 2588 post
1205 2503 1260 2562 octo

149 2619 208 2677 aut
225 2604 332 2676 decem
351 2603 481 2675 dierum
501 2603 796 2676 commorationem
819 2626 932 2674 coram
950 2602 1175 2678 missiouario
1191 2629 1259 2705 apo

148 2719 268 2793 stolico
286 2718 501 2807 celebratam,
518 2746 634 2818 resp«
646 2745 709 2789 uon
720 2731 865 2789 constare
883 2717 922 2788 dc
939 2717 1116 2792 validitate
1133 2723 1258 2816 (illle

222 2834 319 2920 Quod
357 2834 483 2907 dictum
514 2850 565 2907 est
599 2834 641 2907 de
677 2833 929 2932 acquirentibus
964 2833 1177 2909 domicilium
1214 2850 1260 2909 aut

151 2951 250 3051 quasi
282 2949 490 3023 domicilium
523 2949 625 3022 relate
656 2950 697 3021 ad
734 2949 936 3022 matrimonii
977 2949 1255 3036 celebrationem,

148 3065 306 3165 analogia
341 3066 488 3166 quadam
520 3065 588 3138 dici
617 3067 746 3181 pariter
779 3064 879 3138 debet
907 3064 950 3138 de
978 3068 1074 3163 copis
1106 3093 1148 3139 ac
1177 3093 1258 3167 perc·

145 3185 255 3284 prinis
278 3182 414 3282 nuptias
440 3181 636 3254 ineuntibus
669 3181 758 3281 apud
789 3182 973 3279 parochum
998 3181 1042 3253 ad
1067 3208 1172 3282 quern
1197 3207 1257 3284 per·

149 3300 280 3386 tinent,
318 3325 360 3372 ne
395 3297 606 3370 clandestina
641 3296 768 3370 ratione
801 3297 877 3369 illas
912 3297 1036 3369 ineant.
1070 3298 1163 3372 hicet
1191 3321 1258 3372 vero

144 3416 274 3516 passim
299 3415 387 3487 inter
413 3440 449 3487 sc
471 3416 641 3515 percpriur'
658 3439 698 3485 ac
720 3415 801 3511 capi
825 3412 1020 3511 permisceri
1043 3413 1195 3502 soleant,
1213 3415 1255 3485 in-

144 3558 227 3632 gens
246 3548 356 3605 tamen
375 3529 551 3602 intercedit
576 3531 689 3628 reipsa
707 3530 972 3627 interutrosque
995 3527 1201 3617 discrimen,
1223 3553 1254 3602 ao

144 3649 287 3749 proinde
312 3648 483 3719 diversum
511 3646 553 3718 de
579 3646 648 3720 illis
675 3646 836 3717 iudicium
861 3645 939 3718 ferri
969 3644 1080 3717 debet.
1110 3647 1153 3719 Ut
1178 3644 1254 3718 enim

144 3765 227 3840 scite
253 3764 488 3838 animaduertit
512 3762 712 3835 Benedictus
739 3762 822 3833 lllV.
848 3787 952 3863 copus
979 3761 1117 3863 proprie
1135 3762 1192 3836 ille
1212 3772 1253 3833 est

217 3989 282 4052 (tte)
298 3989 370 4052 Apud
386 3987 477 4039 Bened.
491 3992 555 4038 xlv.
566 3988 604 4038 ed.
615 3991 685 4038 Rom.
700 3992 768 4037 175⁰.
781 3988 842 4036 torn.
852 3988 894 4035 Χι.
908 3986 998 4035 ιιιιιι.
1011 3985 1155 4034 xxxin.
1168 3997 1192 4047 p.
1204 3987 1249 4033 tlt.

142 4082 188 4120 uec
207 4082 257 4119 nou
278 4074 316 4120 De
333 4085 389 4133 syn.
403 4069 484 4120 dlocc.
498 4070 898 4132 lib.xlll.oep.lv.u.10.ltom
914 4066 940 4115 in
956 4066 998 4114 cit.
1010 4065 1057 4115 litt.
1076 4065 1108 4114 ad
1125 4063 1249 4115 Antonium

143 4152 218 4215 episc.
231 4153 357 4214 Gonnum,
373 4152 416 4202 ubi
432 4151 505 4201 otiam
521 4151 563 4200 det
579 4150 698 4199 rationem
714 4149 803 4198 harum
819 4146 979 4196 decisionum.

214 4232 252 4284 cl.
266 4232 358 4296 pariter
373 4234 429 4282 Nat.
443 4229 513 4281 Alex.
536 4229 621 4281 Theol.
631 4228 717 4293 doum.
728 4226 824 4278 moral.
838 4226 881 4277 lio.
895 4226 1152 4276 11.Dcsocr.mutr.
1165 4226 1247 4286 capt

141 4314 187 4367 ”l
200 4320 286 4463 lilith
295 4319 334 4443 (ll.
347 4388 474 4442 Thasoue
489 4387 641 4441 resolution.
653 4388 714 4439 tom
724 4388 765 4438 ct.
774 4385 816 4437 dte
826 4392 850 4438 t.
861 4383 939 4450 April.
952 4387 1021 4437 tett.
1034 4396 1089 4449 pag.
1102 4386 1146 4437 ιιι
1158 4392 1223 4445 sequ
