2804 5062
254 402 1139 461 maranaaeon.roras.strm.uaro.1uoan.anr.r.
1185 385 1256 461 toa

163 529 293 603 atomos
319 527 460 601 fruatur.
483 523 549 599 Sed
566 524 610 598 de
626 523 683 600 his
707 525 896 602 sanationis
917 525 1093 604 effectibus
1118 527 1256 605 uberius

163 645 186 719 in
201 642 336 722 articulo
359 643 457 719 tertio
473 640 696 718 disseremus.

562 906 774 971 runcones
792 909 830 968 ll.

214 1121 349 1186 Romano
368 1120 505 1185 Pouttllot
524 1122 836 1284 ιιιιᾱιιιιιιιὲἒιοιωιιι
848 1123 974 1187 mandi
993 1126 1180 1190 matrimonia

617 1223 647 1284 ln
732 1237 776 1285 ee.

210 1439 372 1541 Exposita
385 1454 506 1514 natma
519 1438 706 1516 sanationis
726 1435 761 1513 in
779 1437 893 1516 radioe
910 1441 1114 1518 matrimonii
1131 1439 1166 1515 in
1186 1468 1256 1545 qua

152 1551 253 1655 aliqua
276 1555 388 1630 inerat
418 1552 618 1642 difficultas,
646 1554 714 1628 iam
738 1580 918 1656 operosum
951 1557 1109 1633 nouerit
1142 1572 1257 1632 osten·

150 1669 216 1745 lere
238 1671 330 1745 hane
353 1669 500 1747 sanandi
525 1670 684 1769 coniugia
708 1669 898 1746 laoultatem
925 1697 1008 1747 rom.
1038 1672 1255 1773 pontificibus

147 1810 212 1860 asse
225 1785 454 1860 tribuendam.
475 1785 514 1858 ld
526 1811 605 1861 vero
616 1785 827 1860 ostendimus
845 1802 915 1860 tom
931 1811 972 1860 ex
989 1812 1056 1860 neu
1072 1786 1252 1874 eeclesiae,

147 1917 208 1975 tum
232 1927 277 1976 ex
298 1900 495 1976 auctoritate
516 1899 765 2000 theologorum,
785 1917 856 1977 tum
880 1927 921 1975 ex
946 1901 1023 2002 ipso
1042 1901 1134 1990 iure,
1153 1917 1256 2002 atque

145 2017 221 2093 meo
245 2043 289 2091 ex
314 2018 363 2091 rei
388 2033 521 2092 natura.

208 2133 309 2221 Quod
343 2133 453 2235 primo
477 2133 596 2210 attinet
626 2133 671 2207 ad
704 2158 804 2206 usum
828 2149 1035 2209 constantem
1068 2134 1252 2224 eeclesiae,

145 2250 212 2323 eius
237 2251 289 2324 rei
314 2250 459 2348 uestigia
474 2250 543 2323 iam
568 2246 855 2348 deprehendimus
881 2249 917 2321 in
943 2249 1087 2325 eonoilio
1109 2249 1257 2325 aurelia·

147 2365 237 2442 roasi
258 2366 321 2438 lll.
347 2364 438 2465 quod
458 2364 661 2441 celebratum
682 2382 734 2440 est
758 2391 814 2438 an.
837 2365 920 2453 538,
942 2366 1087 2466 inquo,
1115 2380 1153 2441 ut
1167 2365 1255 2440 vidi·

146 2507 235 2571 nus,
263 2496 427 2556 statutum
452 2480 562 2556 luerat
582 2496 620 2555 ut
636 2480 777 2570 fideles,
805 2481 864 2581 qui
881 2506 923 2555 ex
939 2480 1127 2580 ignorantia
1151 2505 1256 2556 eano-

147 2623 219 2672 num
236 2623 316 2672 eum
343 2594 584 2697 impedimento
605 2596 802 2685 affinitatis,
830 2597 930 2670 etiam
956 2596 1123 2697 inprime
1146 2596 1255 2696 gradu

146 2712 175 2785 in
191 2712 285 2787 linea
302 2727 393 2786 reeta
410 2711 542 2785 irritum
558 2735 600 2785 ae
618 2711 746 2785 nullum
766 2711 911 2787 inierant
926 2711 1140 2812 coniugium,
1161 2713 1197 2786 in
1214 2739 1255 2790 eo

145 2852 355 2925 perseverare
385 2840 550 2927 possent,
578 2841 680 2926 atque
711 2826 787 2900 ideo
812 2826 1005 2924 coniugium
1036 2843 1074 2902 ut
1105 2827 1254 2903 validum

145 2939 321 3017 laberetur
350 2944 415 3039 (7).
451 2940 541 3028 Quid
565 2967 665 3042 porro
689 2940 754 3016 hoo
778 2940 871 3016 aliud
903 2959 975 3030 est,
1003 2969 1105 3044 quam
1134 2969 1256 3018 sanare

143 3058 332 3157 osningium
356 3056 392 3130 in
420 3056 565 3132 radice?
596 3060 678 3132 Nam
704 3084 764 3158 per
788 3072 915 3132 statuta
939 3073 1096 3158 patrum,
1128 3073 1166 3134 ut
1190 3058 1255 3130 ibi-

143 3163 214 3248 dem
239 3173 391 3262 dioitur,
422 3172 613 3274 prohibitae
637 3174 740 3247 immo
768 3199 847 3248 vero
876 3172 990 3246 irritae
1014 3173 1114 3247 etiam
1143 3172 1256 3248 decla·

142 3306 230 3366 ratas
253 3290 390 3365 inerant
422 3287 589 3366 eiusmodi
616 3289 774 3390 nuptiae,
803 3306 917 3390 utpote
939 3290 1087 3364 inoestae
1114 3289 1256 3364 eonion-

141 3407 266 3483 otiones
280 3435 289 3494 ;
305 3421 432 3480 oenum
453 3420 566 3481 autem
588 3422 641 3480 est
664 3431 706 3478 ex
726 3404 799 3479 iare
816 3404 1002 3492 oanonioo,
1032 3404 1254 3504 ignorantiam

142 3520 372 3625 impedimenti
393 3520 585 3594 dirimentis
606 3519 696 3593 haud
715 3518 919 3618 suffragari,
947 3519 995 3593 ita
1008 3536 1056 3595 ιιι
1071 3545 1132 3621 per
1155 3546 1252 3610 eam,

141 3637 297 3738 quanam
315 3635 569 3724 invincibilem,
599 3634 796 3710 inhabilitas
822 3660 888 3709 non
910 3633 1046 3710 tollatur
1069 3634 1112 3709 ad
1138 3636 1255 3709 eoniu-

143 3754 233 3851 ginm
254 3753 371 3830 valide
395 3754 580 3827 ineundum
598 3781 605 3841 ;
634 3768 780 3826 attamen
806 3753 984 3828 eonsilium
1001 3752 1061 3826 illa
1083 3752 1256 3825 matrimo-

143 3871 196 3943 nia
221 3868 423 3969 simpliciter
448 3895 510 3968 pro
533 3869 656 3943 validis
675 3870 741 3943 iam
768 3869 924 3943 habenda
947 3867 1150 3955 declaravit,
1178 3864 1255 3939 nul-

145 3980 205 4057 lam
234 4009 425 4058 consensus
455 3984 638 4060 renovandi
672 3984 874 4059 mentionem
904 3983 1055 4070 laciens;
1094 4008 1154 4056 seu
1187 4007 1253 4056 non

149 4098 225 4174 dixit
248 4100 334 4176 tales
358 4102 426 4175 iam
452 4128 557 4203 posse
581 4101 794 4177 matrimonio
819 4101 939 4199 iungi,
967 4100 1021 4175 uel
1046 4099 1139 4174 aliud
1163 4101 1255 4176 eius·

211 4292 245 4354 (7)
259 4290 374 4356 ctapod
383 4291 541 4344 sirmondum
553 4289 791 4356 eonattoonttqao
805 4289 908 4345 (lollius
922 4291 995 4344 lutet
1005 4291 1074 4343 Parls
1085 4291 1223 4344 tenutam,
1232 4290 1252 4339 t.

156 4374 201 4428 ιιι.
216 4373 269 4421 ²⁴7.
283 4383 340 4422 ean.
352 4371 383 4420 x.
1161 4448 1182 4491 ᾖ
