2804 5062
328 373 396 424 err.
413 373 437 423 ι.
454 372 527 425 neu.
545 374 617 425 rum
635 374 760 425 rornsr.
776 375 900 427 crvrnrs.
917 378 988 427 rur.
1010 378 1045 427 ιι.
1174 356 1243 428 353

132 491 207 564 nias
231 491 319 575 cras,
348 492 491 591 quaein
518 493 584 591 leqe
605 508 780 592 praecepto
804 510 891 567 sunt.
914 496 977 569 Per
1001 495 1109 593 legam
1140 496 1243 594 igitur

132 606 281 680 diuinam
307 607 446 682 edoctus
472 607 515 681 ad
530 608 605 708 <hoc
629 608 819 709 principum
844 610 994 685 studium
1012 610 1112 685 debet
1133 611 1243 685 inten-

131 720 211 820 dere
223 721 370 822 qualiter
387 721 566 825 multitudo
583 723 648 796 sibi
667 723 804 798 subdita
820 724 908 799 bene
924 719 1032 800 uiuat:
1044 718 1144 826 *quod
1167 728 1244 826 qui-

131 836 208 912 dem
234 836 385 912 studium
411 839 446 911 in
472 838 536 914 tria
555 839 735 942 dividitur,
764 857 802 920 nt
826 842 935 942 primo
960 841 1098 942 quidem
1123 841 1158 914 in
1185 868 1245 918 su-

130 949 243 1028 biecta
272 951 487 1027 multitudine
514 952 639 1027 bonam
666 955 769 1029 vitam
799 957 996 1043 constituat,
1028 956 1177 1031 secundo
1207 974 1244 1030 ut

130 1068 346 1142 constitutum
371 1084 561 1158 conservet,
591 1071 687 1146 tertio
712 1086 749 1144 ut
771 1087 1001 1147 conservatam
1031 1071 1073 1146 ad
1103 1072 1243 1147 meliora

131 1199 330 1282 promoveat
349 1187 439 1282 (Π).
450 1216 467 1255 n
1135 1203 1139 1212 ·

145 1390 148 1394 ⁵
206 1299 288 1372 Post
312 1298 396 1373 haec
421 1300 540 1375 inutile
554 1327 604 1403 ac
627 1328 914 1402 supervacaneum
931 1303 1037 1379 videri
1055 1321 1170 1406 posset
1191 1330 1244 1378 ve

131 1427 240 1489 terum
267 1428 398 1516 patrum
423 1416 459 1488 in
476 1416 629 1492 eamdem
647 1419 845 1493 sententiam
863 1420 1129 1520 conspirantium
1150 1420 1244 1493 testi-

130 1529 246 1605 monia
265 1531 423 1630 pmserre.
444 1533 496 1607 lle
513 1549 622 1632 tamen
639 1533 797 1609 cohibere
820 1560 950 1635 nequeo
974 1562 995 1609 a
1021 1525 1242 1610 subiiciendis

131 1646 234 1720 unius
253 1645 434 1721 alteriusve
450 1649 558 1722 sancti
577 1649 722 1723 doctoris
738 1649 867 1737 verbis,
887 1666 924 1724 ut
939 1665 1054 1749 pateat
1074 1676 1241 1751 quaenam

131 1760 243 1836 officia
267 1761 463 1838 christianis
489 1763 699 1866 principibus
720 1791 800 1862 erga
816 1764 993 1839 ecclesiam
1011 1766 1046 1837 in
1066 1790 1169 1867 quam
1186 1755 1243 1837 in-

131 1877 240 1976 gressi
266 1892 363 1966 sunt,
384 1878 591 1954 incumbant.
613 1880 648 1951 S.
669 1878 898 1978 Augustinus:
919 1878 1119 1967 «Quomodo
1140 1905 1240 1977 crgo,

131 1992 268 2081 scribit,
298 2020 393 2091 reges
418 1994 562 2069 Domino
587 1995 740 2068 serviunt
764 1994 799 2066 in
825 1995 961 2082 timore,
989 1994 1056 2067 nisi
1085 2019 1125 2068 ea
1154 2019 1243 2094 quae

132 2122 249 2182 contra
267 2106 363 2182 iussa
378 2108 513 2182 Domini
532 2108 633 2195 fiunt,
654 2107 812 2206 religiosa
833 2107 1009 2182 severitate
1034 2107 1243 2207 prohibendo

131 2237 234 2323 atque
251 2220 452 2321 plectendo?
468 2220 572 2296 Aliter
588 2223 678 2297 enim
697 2222 816 2310 servit,
838 2221 919 2323 quia
935 2220 1036 2296 homo
1054 2238 1123 2309 est,
1148 2222 1245 2296 aliter

130 2336 212 2438 quia
233 2336 337 2412 etiam
355 2363 412 2412 rex
428 2353 492 2411 est.
513 2337 602 2425 Quia
619 2338 719 2411 homo
736 2354 804 2422 cst,
824 2337 855 2411 ei
874 2337 977 2411 servit
1001 2337 1143 2411 virendo
1165 2329 1245 2411 fide

128 2448 226 2540 liter,
256 2452 338 2552 quia
361 2476 442 2526 vero
466 2451 567 2526 etiam
593 2478 650 2526 rex
675 2468 742 2540 est,
770 2455 874 2526 servit
902 2450 993 2548 leges
1024 2451 1113 2526 iusta
1146 2478 1244 2551 prae-

129 2566 295 2669 cipientes
312 2581 345 2640 et
360 2567 527 2642 contraria
544 2566 760 2666 pmhibentes
785 2567 996 2641 convenienti
1021 2566 1136 2664 vigore
1166 2593 1245 2640 san-

129 2681 263 2758 ciendo.
281 2684 320 2754 ln
333 2681 397 2757 hoc
409 2709 489 2782 ergo
502 2682 801 2758 serviuntDomino
826 2709 923 2782 reges
941 2682 975 2755 in
989 2698 1152 2782 quantum
1166 2699 1245 2757 sunt

131 2823 228 2898 reges
253 2823 329 2872 cum
354 2825 396 2873 ea
419 2798 548 2873 iaciunt
572 2799 616 2872 ad
641 2797 855 2872 serviendum
881 2798 949 2888 illi,
969 2825 1057 2899 qnae
1075 2825 1141 2873 non
1165 2825 1244 2898 pos-

131 2929 212 2990 sunt
237 2913 350 2988 iacere
376 2915 442 2988 nisi
469 2941 565 3013 rages
586 2916 705 3011 (18).n
722 2915 809 2987 Hinc
837 2914 933 2988 effert
962 2914 1105 2988 summis
1135 2914 1246 2987 laudi-

129 3023 197 3105 bus
221 3029 464 3119 Theodosium,
492 3031 582 3131 quod
599 3033 714 3104 ‹clntcr
737 3030 821 3104 hacc
846 3031 959 3104 omnia
984 3056 1024 3103 ex
1051 3030 1126 3129 ipso
1149 3029 1245 3102 initio

131 3145 267 3246 imperii
294 3147 347 3221 sui
373 3171 439 3220 non
469 3147 597 3247 quievit
626 3146 823 3220 iustissimis
853 3162 886 3219 et
919 3143 1243 3218 misericordissimis

129 3260 266 3361 legibus
292 3263 455 3337 adversus
482 3263 606 3362 impios
636 3261 800 3335 laboranti
836 3259 1000 3334 eeclesiae
1038 3257 1240 3345 subvenire;

131 3402 237 3478 quam
246 3376 366 3451 Valens
379 3377 570 3452 haereticus
580 3377 695 3450 [avens
703 3375 829 3449 arianis
837 3374 1051 3448 vehementer
1059 3372 1239 3446 alssixerat:

130 3492 230 3566 cuius
242 3491 407 3567 ecclesiae
423 3519 461 3566 se
478 3492 665 3578 membrum
682 3516 758 3564 esse
774 3489 882 3586 magis
907 3514 1008 3588 quam
1027 3488 1063 3560 in
1080 3486 1178 3561 terris
1197 3513 1244 3560 re

131 3632 237 3707 gnare
262 3607 428 3706 gaudebat
448 3611 565 3704 (19).»

203 3930 255 3994 (17)
271 3930 326 3982 lab.
339 3931 359 3980 1.
369 3944 424 3994 cap.
435 3934 488 3982 xv.
503 3931 529 3981 in
543 3929 611 3994 quod
626 3942 700 3993 opus,
717 3926 784 3991 quod
800 3929 837 3978 est
852 3925 999 3990 opusculum
1015 3926 1067 3975 ΚΧ.
1084 3925 1123 3974 Ol.
1145 3924 1182 3974 lo.
1202 3925 1242 3977 Fr.

131 4011 232 4061 Banu.
245 4010 323 4060 Maria
333 4013 370 4062 Dc
379 4011 470 4062 ltubcis
479 4010 682 4062 odnwntttonem
694 4010 846 4073 proculam,
861 4005 1002 4070 praesertim
1014 4018 1068 4068 cap.
1080 4006 1098 4054 Ι.
1110 4003 1153 4057 ubl
1163 4005 1242 4055 oeten·

131 4089 168 4142 dit
178 4090 286 4156 primam
297 4091 372 4141 huius
380 4091 462 4155 operis
474 4092 567 4155 partem
578 4088 695 4139 malorem
708 4101 762 4139 essa
777 4085 908 4151 Aquinatlu
928 4088 991 4150 opp.
1000 4085 1040 4136 ed.
1050 4087 1136 4137 venet.
1149 4099 1170 4136 s.
1179 4085 1243 4136 Tho·

133 4182 186 4221 mac
200 4173 267 4221 175⁴.
280 4171 340 4219 tom.
349 4171 403 4220 xx.
411 4183 465 4233 pag.
475 4176 528 4220 52³.
542 4170 566 4218 et
576 4182 630 4232 pag.
643 4172 697 4218 δίη.

204 4247 256 4310 (ta)
272 4247 349 4311 Epist.
366 4250 504 4299 cmlxxv.
518 4247 550 4297 ad
564 4246 673 4297 bonifac.
685 4258 708 4295 c.
719 4248 749 4294 v.
761 4258 786 4294 n.
803 4248 839 4295 17.
851 4243 890 4294 ed.
902 4245 980 4294 ttaur.

205 4329 256 4391 (ta)
271 4330 310 4378 De
320 4329 393 4378 ctott.
403 4331 452 4379 Dct
468 4328 510 4379 lib.
523 4330 554 4378 V.
566 4341 621 4391 cap.
633 4327 719 4377 xxvt.
732 4338 757 4375 n.
774 4331 793 4374 t.
