2804 5062
146 376 165 439 6
386 394 447 443 urs.
470 393 504 441 u.
526 392 612 442 seor.
635 393 657 441 r.
680 393 718 441 ur
738 393 861 442 rorrsr.
885 392 1009 442 uacuus.

214 515 260 585 dc
284 513 392 611 primo
416 512 602 585 asserimus
629 510 805 586 aeclesiam
833 513 866 582 in
893 513 1141 585 matrimonium
1162 515 1253 587 chri-

142 629 288 701 stianum
315 641 513 726 potestatem
532 625 656 698 habere
678 625 865 724 etquidem
884 626 956 701 iure
972 625 1104 700 divino:
1126 643 1257 702 utrum-

142 769 208 843 que
234 740 355 815 iisdem
381 739 587 837 argumentis
612 766 634 813 a
656 740 764 836 priori
781 755 815 813 et
832 765 854 812 o
871 742 1047 839 posteriora
1061 741 1253 815 conficitur.

142 859 169 928 Α
193 858 314 954 priori,
344 871 512 956 quatenus
536 882 577 928 ex
603 856 678 954 ipsa
703 873 823 928 natura
848 857 1048 929 sacramenti
1075 881 1115 929 ea
1140 857 1259 930 divina

144 988 293 1070 potestas
319 969 512 1068 colligitur3
540 995 560 1042 a
581 971 780 1069 posteriori,
809 987 977 1071 quatenus
1003 970 1145 1043 ecelesia
1179 972 1256 1071 ipsa

44 1107 47 1113 ‘
144 1086 285 1159 eandem
308 1102 504 1185 potestatem
528 1085 650 1182 iugiter
667 1084 701 1156 in
720 1084 970 1159 matrimonium
993 1086 1141 1159 exercuit
1160 1105 1198 1160 ut
1223 1087 1256 1158 in

144 1227 214 1274 rem
234 1225 386 1286 sacram,
409 1199 526 1275 mem
544 1198 647 1300 plane
665 1201 764 1275 modo
781 1226 849 1300 quo
866 1216 1064 1300 potestatem
1082 1201 1172 1276 cirea
1189 1200 1258 1277 adia

146 1332 357 1390 sacramenta
381 1315 553 1402 exercuit,
583 1314 740 1388 nimirum
769 1315 841 1388 iure
870 1315 995 1388 divino.

219 1433 306 1504 Sane
336 1432 365 1504 si
392 1431 585 1528 coniugium
623 1430 845 1503 christianum
879 1447 931 1504 est
962 1446 1209 1504 sacramentum
1239 1459 1260 1505 a

146 1546 280 1620 Christo
299 1547 440 1619 Domino
463 1547 672 1629 institutum,
692 1545 766 1619 eius
786 1546 1034 1620 administratio
1052 1572 1091 1619 ac
1110 1540 1258 1644 regimen

147 1663 310 1736 ecclesiae
341 1689 360 1734 a
385 1661 519 1734 Christo
545 1661 761 1735 commissum
787 1678 867 1749 est,
895 1678 994 1761 prout
1018 1661 1127 1734 eidem
1153 1661 1261 1735 ecele-

147 1778 218 1850 siae
242 1776 363 1851 collata
391 1776 554 1850 divinitus
579 1792 632 1851 est
657 1774 861 1874 reliquorum
887 1790 1170 1850 sacramentorum
1193 1803 1263 1850 mo

148 1893 277 1966 deratio
302 1908 403 1992 atque
428 1890 687 1965 administratio.
722 1890 854 1964 Etenim
885 1917 924 1965 eo
949 1891 1053 1991 ipso,
1086 1890 1177 1989 quod
1205 1918 1261 1966 sa-

150 2024 319 2081 cramenta
348 2008 416 2079 sint
441 2006 569 2103 gratiae
601 2006 823 2080 conferendae
853 2005 963 2078 media
989 2033 1029 2080 ae
1055 2004 1211 2080 vehicula
1242 2033 1262 2079 a

149 2121 281 2194 Christo
308 2121 458 2193 instituta
484 2120 527 2192 ad
554 2119 704 2193 fidelium
731 2147 866 2193 suorum
900 2120 1199 2195 sanctificationem
1223 2147 1265 2194 ac

150 2235 314 2323 salutem,
339 2261 454 2308 eorum
481 2234 729 2308 administratio
756 2234 916 2309 eeclesiae
949 2235 1074 2310 Christi
1101 2262 1262 2311 concessu

151 2368 218 2439 est,
248 2378 335 2452 quae
360 2351 495 2424 eosdem
524 2349 641 2424 fideles
669 2377 783 2448 regere
809 2350 907 2425 debet
926 2369 958 2424 et
975 2352 1018 2424 ad
1037 2352 1180 2426 salutem
1206 2380 1264 2426 ae-

152 2486 281 2540 ternam
312 2467 507 2567 perducere.
538 2469 641 2539 Nemo
666 2467 724 2567 qui
751 2466 860 2566 sapiat
883 2468 948 2540 hoc
972 2467 1007 2540 in
1041 2467 1182 2541 dubium
1208 2493 1260 2541 re-

152 2608 273 2655 vocare
299 2582 445 2681 poterit,
473 2607 576 2682 quum
602 2600 635 2655 et
660 2598 869 2655 sacramenta
887 2583 956 2655 siut
972 2582 1084 2655 media
1108 2582 1151 2655 ad
1173 2582 1267 2656 salu-

154 2714 219 2771 tem
235 2698 429 2797 potissima,
451 2715 483 2769 et
500 2715 634 2770 aeterna
652 2696 746 2770 salus
765 2723 943 2795 supremus
961 2698 1007 2771 sit
1024 2697 1102 2771 finis
1116 2724 1155 2771 ao
1173 2715 1266 2772 meta

153 2814 272 2887 ultima
293 2813 337 2887 ob
362 2839 462 2912 quam
486 2805 664 2886 'aedificata
688 2811 832 2886 ecclesia
857 2828 920 2887 est.
942 2816 1008 2887 Aut
1023 2814 1127 2911 igitur
1142 2813 1187 2886 ab
1208 2814 1268 2887 ad-

154 2928 315 3004 versariis
333 2926 523 3024 negandum
542 2942 594 3000 est
610 2927 858 3000 matrimonium
883 2953 960 3001 esse
985 2954 1062 3001 vere
1079 2945 1112 3001 et
1129 2928 1268 3029 proprie

156 3069 262 3119 novae
280 3041 366 3140 legis
384 3057 648 3136 sacramentum,
670 3059 727 3115 aut
744 3042 948 3139 negandum,
971 3061 1106 3118 auctore
1130 3043 1269 3119 Christo

155 3157 332 3231 ecclesiam
355 3171 637 3230 sacramentorum
664 3155 942 3254 dispensatricem
964 3184 1040 3231 esse
1058 3183 1098 3230 ae
1115 3158 1267 3231 modera-

113 3292 114 3297 ’
156 3274 284 3346 tricem.
306 3272 389 3345 Cum
411 3300 489 3347 vero
508 3292 661 3347 neutrum
681 3275 755 3348 siue
773 3274 1049 3374 fideidispeudio
1068 3275 1103 3346 iu
1125 3275 1267 3348 dubium

156 3388 304 3461 revocari
324 3390 451 3489 possit,
472 3390 609 3466 omniuo
628 3390 768 3464 infertur
793 3389 997 3464 matrimonii
1015 3390 1193 3464 christiani
1213 3416 1270 3464 sa-

158 3521 378 3593 cramentum,
396 3509 537 3606 perinde
550 3535 590 3583 ac
603 3525 813 3583 sacramenta
829 3523 951 3594 cetera,
971 3506 1135 3581 ecciesiae
1152 3525 1269 3582 aueto-

158 3618 247 3692 ritati
273 3644 314 3691 ac
341 3622 496 3718 potestati
524 3621 630 3696 fuisse
655 3623 829 3695 tributum.

230 3733 317 3806 Dum
342 3760 421 3807 vero
447 3735 591 3807 dicimus
614 3752 823 3809 sacramenta
844 3760 1028 3837 eorumque
1052 3736 1270 3809 administra·

159 3849 282 3923 tionem
301 3849 465 3924 ecclesiae
483 3850 659 3948 regimini,
675 3851 849 3925 custodiae
861 3868 920 3926 aut
933 3851 1087 3951 potestati
1101 3849 1271 3925 adhristo

159 3965 265 4039 [uisse
293 3957 501 4054 commissa,
533 3993 599 4039 non
625 3966 660 4038 id
686 3967 729 4039 de
755 3967 873 4042 intima
900 3969 1049 4066 ipsorum
1080 3967 1271 4041 substantia

159 4107 198 4154 aa
224 4081 256 4154 vi
283 4082 487 4156 intellectum
510 4082 686 4171 volumus,
708 4110 796 4183 quae
813 4083 1045 4183 independens
1062 4107 1202 4182 prorsus
1220 4096 1273 4155 est

159 4196 203 4268 ab
228 4196 389 4286 ecclesia,
410 4225 449 4271 ae
467 4215 534 4272 tota
553 4199 676 4298 pendet
692 4225 733 4272 ex
750 4198 874 4273 Christi
902 4198 1121 4272 institutione.
1137 4196 1272 4270 Scilicet

159 4327 298 4388 eatenus
320 4330 529 4389 sacramenta
553 4315 717 4389 ecclesiae
739 4316 894 4415 potestati
918 4313 1078 4402 subsunt,
1100 4328 1273 4412 quatenus
