2804 5062
136 341 215 417 318
385 361 448 414 ιιι.
469 361 505 414 ιι.
526 358 613 413 seor.
634 361 658 411 ι.
679 360 720 413 nn
737 360 864 414 ιοιιιι.
885 360 1014 415 somne.

141 478 392 571 difficultatem,
418 505 457 556 ao
483 479 814 582 praesumptionem,
835 508 909 558 eum
926 497 1078 557 montore
1095 482 1250 559 debentis

139 599 308 676 ooiootote
331 599 481 698 ipsum
497 623 642 671 unorum
665 596 850 699 infidelium
864 599 981 696 (31).»

214 714 277 790 Ast
292 713 416 790 baeda
432 738 470 788 re
484 738 548 788 neo
572 738 700 813 paam
724 739 788 788 neo
810 713 902 790 iares
926 714 1152 792 difficultates
1168 717 1254 793 obor-

144 845 199 907 tae
228 845 329 918 sunt,
359 854 445 929 quas
472 827 662 930 expendere
681 827 783 918 libet,
810 828 983 930 siquidem
1008 857 1072 933 pro
1103 849 1254 934 opportu-

142 947 250 1022 nitate
272 945 408 1020 casibus
438 944 498 1046 qui
528 943 715 1020 identidem
736 945 895 1020 obvenire
924 945 1056 1037 solent,
1090 948 1255 1024 solvendis

142 1063 338 1139 inservient.
390 1070 392 1075 '

216 1177 349 1253 Etenim
375 1180 410 1251 1.
438 1203 505 1254 non
536 1203 611 1253 raro
639 1178 824 1278 contingit,
843 1194 881 1253 ut
907 1179 968 1281 qni
991 1206 1034 1256 ex
1062 1180 1254 1256 infidelitate

142 1293 188 1375 ad
215 1302 330 1370 'reram
359 1294 462 1369 fidem
495 1309 754 1384 convertuntur,
782 1294 898 1397 piures
922 1295 1084 1372 duxerint
1109 1323 1250 1386 uxores,

142 1435 205 1489 neo
236 1410 304 1485 nisi
334 1409 396 1485 nni
422 1426 500 1510 post
527 1409 736 1511 baptismum
767 1411 953 1487 adhaerere
982 1429 1145 1513 possunt.
1178 1414 1253 1488 bino

141 1526 332 1630 quaesitum
344 1542 511 1627 estquam
531 1553 573 1602 ex
592 1526 842 1616 illudebeant,
863 1543 924 1602 aut
942 1529 1080 1629 possint
1102 1530 1251 1617 retinere,

143 1669 300 1748 quasque
315 1642 511 1718 dimittere?
528 1643 678 1719 Profecto
691 1644 721 1718 si
734 1670 851 1719 omnes
868 1670 991 1721 uxores
1011 1641 1094 1721 iliae
1109 1646 1255 1721 christia·

143 1764 224 1835 nam
248 1759 350 1833 fidem
375 1759 548 1859 professae
574 1758 718 1848 fuerim,
745 1758 799 1834 vel
827 1774 1029 1859 separatas
1056 1758 1252 1836 offerantad

142 1883 219 1954 eam
233 1875 479 1976 profitendam,
499 1875 558 1977 qui
575 1900 759 1950 conversus
778 1890 832 1949 est
850 1874 951 1949 debet
968 1875 1117 1976 primam
1135 1875 1171 1949 in
1187 1900 1253 1976 gen·

144 1991 265 2067 tilitate
288 1991 423 2066 dueum
437 2027 439 2030 >
452 1997 590 2065 uxorem
621 1991 795 2079 retinere;
826 1991 910 2092 quia
939 1990 1025 2066 haee
1051 1991 1128 2067 sola
1158 1991 1252 2067 extitit

144 2106 295 2208 legitima
316 2134 421 2197 uxor,
443 2124 575 2184 ceterae
594 2133 674 2182 vero
695 2133 815 2184 omnes
838 2107 1034 2207 illegitimae
1059 2109 1181 2185 haberi
1204 2107 1251 2182 do·

142 2223 235 2301 bent.
255 2227 341 2300 Nam
359 2226 452 2300 iuxta
468 2225 620 2300 divinam
641 2224 886 2302 institutionem
907 2226 1045 2301 nonnisi
1072 2253 1168 2302 unns
1189 2250 1251 2302 oum

143 2367 212 2418 una
235 2366 432 2444 permanere
457 2358 568 2442 potest
591 2342 685 2416 iuxta
708 2341 812 2430 illud,
840 2357 873 2416 et
897 2358 993 2417 erunt
1017 2342 1085 2417 duo
1112 2346 1150 2417 ia
1171 2367 1251 2418 comt

56 2488 57 2493 ¹
144 2461 233 2546 ιιιϊας
264 2484 332 2560 quo
357 2459 474 2533 divino
503 2475 682 2560 praecepto
709 2459 762 2533 vel
793 2458 860 2558 ipsi
890 2457 1016 2535 ethnici
1049 2459 1248 2559 obligamur,

145 2574 252 2649 multo
269 2600 349 2649 vero
373 2575 504 2673 magis,
533 2576 564 2648 si
585 2574 781 2676 polygamia
805 2574 908 2649 vetita
934 2574 980 2648 sit
1002 2575 1081 2648 iure
1103 2571 1245 2658 naturali,

146 2706 245 2790 prout
270 2716 338 2763 non
368 2691 467 2790 pauni
492 2689 638 2788 theologi
670 2691 848 2779 sentiunt,
880 2689 972 2792 quod
1004 2717 1069 2766 nos
1099 2717 1164 2766 suo
1193 2690 1249 2764 too

145 2804 386 2905 expendemus.
399 2805 518 2904 ltaque
529 2806 560 2879 si
573 2805 666 2905 prior
681 2833 766 2879 uxor
781 2831 896 2880 veram
915 2805 1017 2881 fidem
1037 2804 1245 2908 amplexari,

146 2933 206 2993 aut
219 2920 257 2993 se
268 2917 312 2992 ad
326 2916 418 2991 illam
432 2920 699 3018 amplectendam
717 2919 894 3009 exhibeat,
910 2920 1042 3021 absque
1059 2922 1167 2996 dnbio
1183 2921 1247 2993 haee

147 3034 321 3110 retinenda
343 3035 407 3108 erit
423 3037 511 3131 (32).

219 3151 318 3239 Quod
344 3151 374 3225 si
400 3151 510 3252 prima
533 3152 681 3227 converti
705 3152 812 3242 nolit,
838 3153 988 3254 reliquae
1009 3170 1149 3244 antem,
1176 3150 1246 3229 seili-

145 3284 199 3344 eet
223 3267 394 3355 secunda,
418 3268 534 3357 tertia,
559 3284 618 3341 aut
642 3286 781 3370 quarta,
806 3285 942 3370 paratas
963 3295 1001 3343 se
1024 3269 1201 3345 exhibeant
1214 3263 1245 3339 ad

141 3409 255 3460 teram
282 3383 504 3485 profitendam
526 3383 648 3472 fidem,
671 3411 776 3484 quum
801 3410 944 3473 omnes,
972 3410 1014 3457 ex
1038 3384 1163 3475 dietis,
1190 3381 1244 3455 ille·

145 3500 283 3602 gitimae
305 3501 428 3576 inerint
443 3526 581 3588 uxores,
603 3526 776 3601 quumque
793 3500 934 3575 difficile
946 3500 991 3574 sit
1004 3501 1146 3577 omnino
1164 3497 1245 3574 Indos

145 3616 345 3718 praesertim
361 3615 404 3688 ad
423 3615 605 3689 secundam
623 3615 737 3716 potins
756 3642 858 3716 quam
877 3614 920 3688 ad
939 3614 1040 3689 aliam
1057 3614 1245 3690 retinendam

145 3756 280 3831 eogere,
298 3758 340 3805 ne
353 3730 604 3832 praepediretur
615 3731 701 3831 ipsis
715 3731 827 3805 aditus
846 3730 890 3806 ad
907 3731 1107 3820 eeclesiam,
1129 3731 1246 3806 liberto

146 3844 213 3921 hae
231 3847 267 3918 in
289 3873 325 3919 re
346 3872 429 3921 rom.
453 3845 649 3945 pontificum
672 3847 883 3947 providentia
906 3845 1077 3920 declarata
1096 3862 1247 3943 astatque

146 3977 287 4077 asserta.
310 3962 394 4036 Nam
411 3988 441 4035 s.
459 3961 539 4037 Pius
560 3962 597 4034 V.
615 3961 658 4036 de
685 3962 798 4051 lodis,
826 3987 930 4062 penes
951 3987 1037 4061 quos
1060 3956 1246 4063 frequentior

220 4183 271 4246 (er)
286 4182 340 4234 nih.
355 4190 391 4236 ro.
404 4186 538 4236 neuster.
550 4198 605 4249 pag.
619 4191 658 4236 ss.

220 4260 271 4327 (tt)
283 4261 322 4316 ot.
332 4276 354 4316 s.
364 4264 453 4316 Thoen.
468 4265 494 4316 tn
505 4267 529 4316 t.
541 4267 650 4317 sentent.
662 4267 688 4317 d.
701 4274 739 4318 ee.
751 4281 793 4331 qu.
804 4265 878 4316 untes
892 4266 940 4315 art.
953 4271 976 4316 t.
991 4263 1024 4316 sd
1040 4267 1065 4316 t.
1076 4276 1122 4315 nen
1136 4273 1185 4313 non
1198 4260 1242 4309 su·

146 4341 423 4412 chartularium.
435 4359 461 4397 n.
470 4349 494 4397 t.
505 4347 531 4397 et
540 4353 563 4398 t.
575 4346 619 4411 qni
630 4346 714 4412 plnres
726 4348 816 4411 allegat
825 4359 871 4410 pro
881 4347 928 4397 hoo
937 4345 1059 4398 manu·
1074 4343 1206 4408 uerum.
