2804 5062
142 204 211 277 ati
306 262 309 269 .
355 223 433 275 inm.
453 221 603 274 meacm.
617 223 642 274 ι.
657 223 705 274 un
720 220 849 273 rmasr.
869 221 1011 276 mure:
1041 256 1054 263 ..
1074 258 1077 263 -

212 341 401 417 llicendirm
426 342 538 444 potius
564 341 717 416 divinum
743 341 957 442 privilegium
974 343 1020 418 de
1035 340 1258 418 dissolutione

141 460 290 559 coniugii
306 460 344 532 in
363 459 441 533 fidei
460 458 606 533 levorem
625 459 840 546 reviviscere,
861 483 938 536 cum
953 458 996 533 ab
1009 459 1110 533 initio
1127 455 1261 561 quidem

142 576 293 651 infidelis
317 575 460 650 assentit
486 575 627 675 pacifice
642 601 719 649 cnm
738 572 832 648 fideli
857 576 1002 674 coniuge
1027 574 1263 665 habitarero

142 691 218 766 iimo
233 690 400 764 Crantoris
422 689 567 776 iniuria,
587 705 665 789 post
681 714 760 764 vero
785 688 922 789 aliquod
948 689 1089 766 brevius
1116 706 1179 766 aut
1196 691 1262 766 lon-

142 807 222 906 gine
247 822 380 904 tempus
406 805 516 904 iurgia
533 805 576 880 ob
593 805 800 880 christianae
817 804 993 904 religionis
1019 806 1262 907 professionem

142 937 280 1007 movet,
315 936 418 1020 atque
445 920 611 1021 impedire
636 921 800 996 adnititur
824 920 958 997 fidelem
983 921 1199 1022 coniugem,
1225 947 1264 997 ne

142 1036 247 1111 libere
272 1036 316 1109 ad
331 1036 495 1109 'eiusdem
520 1035 695 1136 religionis
721 1037 968 1137 praescriptum
994 1035 1108 1127 vivat3
1131 1036 1264 1139 aliaque

143 1152 211 1227 lais·
225 1151 353 1225 similia
377 1151 528 1252 peregit,
556 1177 648 1253 quae
671 1178 748 1227 cum
774 1152 946 1250 religioue
968 1152 1163 1227 christiana
1185 1158 1262 1227 'cen-

54 1279 58 1286 '
143 1268 265 1342 sistere
290 1271 474 1368 nequeunt.
496 1266 581 1340 Cum
606 1268 663 1342 his
688 1269 725 1340 in
749 1268 921 1343 adiunctis
945 1269 1071 1369 reipsa
1087 1269 1263 1370 patefaciat

144 1382 294 1456 infidelis
315 1409 355 1457 se
375 1382 465 1457 nolle
481 1385 556 1473 sine
573 1384 699 1457 iniuria
716 1382 892 1458 christiani
910 1383 1060 1461 nominis
1076 1410 1160 1460 curm
1179 1383 1262 1461 fideli

143 1498 371 1587 cohabitare,
386 1497 504 1574 fidelis·
523 1499 645 1601 'poterit
669 1499 744 1574 inre
769 1526 833 1575 suo
858 1501 907 1575 uti
924 1503 1015 1599 (iv).
1077 1571 1081 1586 ,
1207 1500 1210 1505 ’
1236 1546 1249 1561 -·

144 1708 226 1771 cepto.
239 1705 287 1756 sed
301 1702 368 1756 istud
381 1705 433 1756 eive
443 1703 576 1756 consilium
588 1705 642 1757 sive
655 1707 813 1772 praeceptum
830 1704 947 1772 perdurat
962 1719 1007 1771 ne,
1023 1719 1057 1759 au
1073 1719 1136 1765 vero
1152 1707 1260 1760 esurit

145 1776 219 1836 lunia
228 1785 338 1836 Sanctia
348 1785 366 1834 l.
373 1796 396 1835 c.
405 1784 520 1838 Pontium
530 1784 574 1836 lib.
584 1785 639 1837 vll.
650 1799 673 1836 o.
684 1790 722 1838 ee.
732 1786 880 1838 clericatum
888 1784 965 1836 decia.
973 1787 1016 1836 xi.
1026 1782 1137 1838 meavit
1146 1786 1181 1838 ob
1191 1785 1262 1838 dimi·

145 1850 242 1916 aititem
254 1868 393 1929 temporum
403 1877 434 1916 ec
442 1865 694 1930 cirermstantiarom,
703 1867 776 1918 nteit
786 1866 1061 1931 dimanant-quani.
1069 1872 1109 1920 tie:
1117 1867 1261 1920 ariade

145 1943 216 2009 ςδιὰ
231 1958 297 1997 nnnc
310 1945 364 2009 pari
374 1958 460 2010 pamm,
472 1944 572 2009 scribit,
583 1945 711 1997 ambulent
723 1946 823 2010 ubique
838 1946 941 2010 gentiles
952 1947 979 1996 et
988 1944 1087 2012 iudaei,
1098 1948 1162 2011 quia
1172 1946 1262 2011 utrique

144 2022 262 2075 obstinati
271 2026 343 2087 ennt;
354 2026 381 2075 et
393 2023 450 2076 ideo
466 2025 513 2075 nisi
529 2037 594 2075 uror
606 2022 713 2079 infidelis
728 2026 839 2077 convert!
854 2025 926 2088 velit,
941 2038 991 2076 non
1006 2025 1263 2090 permittitureienbe

144 2100 236 2168 bitere,
247 2103 301 2156 dre
309 2105 342 2156 dt
353 2105 464 2169 gentitis,
480 2105 533 2157 sire
540 2103 659 2158 iudaea.»
668 2105 707 2156 ct.
720 2107 795 2156 etiam
804 2118 831 2171 q.
847 2113 899 2158 tto.
909 2107 957 2157 art.
969 2112 992 2159 2.
1004 2105 1037 2157 ad
1049 2112 1074 2160 2.

146 2239 160 2246 „
189 2227 192 2237 .
219 2187 311 2237 eonha
323 2198 381 2237 vero
391 2185 433 2236 aiii
445 2185 598 2236 moiendunt
612 2185 695 2236 adbuc
707 2186 854 2251 perdurare,
867 2186 932 2239 iuter
945 2200 1009 2250 quoe
1019 2188 1134 2239 bauraea
1144 2189 1184 2240 Be
1195 2185 1263 2259 tatii*

146 2265 232 2319 celeb.
247 2268 366 2317 matrim.
386 2265 452 2330 dhp.
469 2269 533 2316 xvi.
551 2268 598 2317 art
615 2268 648 2317 il.
663 2266 784 2318 scribens:
803 2287 816 2311 ι
829 2265 944 2331 Αιιιίιιιιίι
965 2268 1121 2331 temporibus
1140 2281 1220 2333 nsque
1234 2264 1261 2317 ad

144 2344 261 2396 see-xli.
270 2341 298 2395 id
312 2344 362 2396 tuit
376 2343 403 2395 in
420 2344 523 2396 ecclesia
538 2346 749 2409 umatum-erge
764 2344 789 2395 id
806 2344 880 2397 etiam
895 2357 962 2396 nunc
976 2344 1172 2398 obserendum.
1189 2348 1263 2410 heire

145 2425 218 2492 alive,
228 2425 339 2490 Paulus,
351 2437 432 2490 neque
450 2425 513 2476 altas
527 2425 636 2488 pordtex
648 2425 674 2475 td
685 2427 823 2490 revocarit3
838 2425 914 2491 igitur
927 2440 985 2478 cnm
1001 2427 1172 2492 maneaticoe',
1185 2427 1211 2479 in
1223 2437 1262 2479 aas

147 2504 234 2554 robore
252 2503 364 2554 amolcie
379 2505 417 2554 eet
431 2503 681 2555 observandamsane
693 2508 776 2556 innoc.
791 2507 833 2555 iti.
845 2519 899 2570 cap.
914 2503 1260 2570 Geudemus.»i‘ideies‚ait,

145 2576 288 2635 huiuamodi
302 2584 515 2635 matrimonialiter
525 2586 634 2649 copulati
650 2586 731 2637 tibere
738 2590 851 2651 possent
862 2591 888 2637 et
899 2587 969 2637 licite
977 2600 1163 2653 manere.»

218 2667 270 2730 (47)
286 2669 366 2729 atque
383 2666 418 2716 ita
435 2665 560 2717 decretum
576 2669 614 2718 est
629 2669 654 2717 in
670 2681 784 2732 congreg.
799 2681 821 2718 s.
832 2667 877 2717 oti.
887 2668 920 2719 ad
935 2682 1012 2732 quam
1029 2668 1129 2721 delatus
1145 2672 1185 2721 est
1201 2658 1261 2721 mant

148 2748 279 2810 insequens
289 2759 319 2797 ex
332 2745 467 2798 ccceioenei
480 2745 596 2799 missione
610 2761 650 2799 en.
660 2754 727 2799 1759.
741 2748 781 2799 die
795 2756 815 2798 1.
825 2754 886 2811 hug.
899 2748 946 2800 sub
956 2750 1084 2799 Clemente
1093 2752 1161 2800 xiil.
1174 2771 1186 2793 ι
1195 2753 1261 2813 &epe

147 2813 284 2888 contingit,
302 2827 330 2874 ut
345 2837 375 2874 er
392 2825 489 2876 duobus
511 2825 651 2878 intideiibue
671 2829 734 2878 aiter
754 2831 912 2879 convertatur
928 2827 959 2878 ad
975 2827 1063 2891 iidem,
1081 2829 1146 2897 aima
1161 2826 1261 2879 cenredi

147 2904 248 2969 quidem
261 2905 334 2967 nolit,
346 2903 485 2955 consentiat
496 2909 576 2955 iernen
588 2906 729 2957 cohabitare
737 2921 794 2957 cum
806 2907 873 2957 iideii
885 2909 938 2958 sine
949 2909 1106 2959 contumelia>
1114 2909 1260 2961 creatori..

149 2987 232 3043 Quare
244 2983 323 3034 fidelis
336 2983 459 3034 infidelem
476 2999 524 3035 non
538 2986 658 3049 dimittit,
673 2987 715 3037 sed
733 2988 874 3038 cohabitare
890 2991 992 3052 pergunt
1010 2992 1037 3039 ut
1051 2991 1184 3056 coniugis,
1197 2990 1261 3053 idque

148 3065 184 3115 ad
201 3065 305 3130 aliquos
321 3067 401 3114 ettam
417 3078 518 3116 annos:
534 3069 563 3116 ct
577 3069 669 3130 postea
689 3066 804 3129 irridetis
824 3070 931 3119 metato
950 3067 1177 3130 volentate,·nou
1191 3070 1261 3120 solum

147 3147 257 3197 converti
277 3159 327 3196 nen
344 3145 412 3208 vuit,
429 3146 472 3197 sed
490 3149 575 3198 tentet
592 3145 718 3210 fidelem,
736 3146 779 3198 uel
794 3146 919 3209 discedit,
945 3152 997 3200 imo
1012 3149 1049 3201 ed
1069 3149 1141 3202 aliur
1163 3152 1260 3216 medea

151 3228 273 3277 transit.»

222 3308 358 3364 Quaeritur
371 3313 392 3357 t.
403 3312 440 3358 An
455 3309 481 3358 in
494 3308 542 3358 hoc
553 3320 611 3358 casn
625 3309 703 3371 possit
714 3308 788 3360 etiam
804 3308 884 3360 fidelis
896 3309 1027 3362 derelictus
1038 3310 1182 3376 discedere,
1196 3314 1220 3362 ci
1231 3307 1258 3359 ad

148 3388 209 3438 aliae
220 3388 319 3451 nuptias
330 3388 453 3438 transire?

221 3470 294 3532 Reep
311 3467 349 3518 Ad
369 3476 389 3518 t.
405 3471 433 3518 ln
447 3481 506 3519 casu
522 3467 553 3518 de
567 3482 617 3531 quo
633 3469 727 3532 agitur,
743 3469 917 3533 essrmtetiee.

221 3548 316 3599 Deinde
327 3551 498 3612 proponuntur
512 3549 585 3599 etiam
602 3550 650 3600 alia
665 3550 756 3614 dubia,
772 3552 800 3601 nt
814 3552 939 3615 sequitur:

222 3634 246 3678 2.
263 3632 300 3678 dn
316 3628 365 3678 hoc
381 3628 535 3692 privilegium
550 3629 630 3679 solum
642 3630 724 3679 iocum
738 3588 843 3691 liabent,
859 3630 959 3694 quando
975 3631 1083 3684 inlideiis
1096 3589 1259 3684 discediiedic

148 3708 221 3771 iidei;
243 3722 274 3759 an
291 3709 366 3759 etiam
385 3708 486 3772 quando
507 3709 611 3760 discutit
629 3712 729 3774 propter
747 3710 903 3772 discordias,
920 3711 959 3762 rei
982 3711 1058 3762 aliam
1074 3726 1178 3764 musam
1191 3725 1207 3763 a
1220 3707 1259 3760 ih

149 3788 290 3840 dirersarui

222 3875 245 3918 a.
262 3870 327 3918 hum
338 3868 417 3932 possit
427 3869 508 3919 tidelis
521 3870 626 3919 transire
636 3869 668 3919 ad
678 3870 740 3920 uliae
753 3870 865 3935 nuptiae,
877 3870 978 3935 quando
992 3871 1101 3924 inlideils
1113 3879 1258 3937 qucum!

150 3946 182 3997 de
193 3960 268 3997 cause
279 3948 311 3998 ab
322 3961 352 3998 ec
362 3948 487 4012 discessit,
503 3962 549 4000 nec
559 3950 617 4000 sciri
630 3950 721 4013 possit,
734 3951 804 4001 vivat
814 3951 896 4001 adhuc
905 3956 997 4002 necue?

223 4032 246 4079 t.
264 4032 301 4078 An
315 4028 408 4092 fidelis,
423 4030 466 4093 qui
480 4043 509 4079 ex
525 4030 705 4093 dispensatione
720 4030 803 4081 valide
818 4032 944 4082 contraxit
959 4033 1148 4084 matrimonium
1161 4045 1217 4085 eum
1227 4031 1256 4080 in·

151 4105 219 4157 ildeii
236 4107 341 4158 transire
351 4108 467 4172 pessitad
477 4109 538 4159 aliae
550 4109 662 4173 naphas,
678 4110 700 4159 ei
717 4110 823 4163 intideiis
839 4110 963 4175 discedat,
975 4111 1016 4163 rei
1032 4112 1177 4164 cohabitare
1191 4109 1255 4166 nolit,

152 4186 261 4238 vetram
278 4188 406 4251 pertrahat
419 4187 451 4239 ad
468 4189 572 4239 mortale
587 4191 736 4253 peccatum?
