2804 5062
146 366 216 438 sto
355 387 417 439 sn.
447 387 483 438 ιι.
510 385 596 437 arur.
625 386 648 437 ι.
674 387 714 439 nr
737 386 866 438 aornar.
893 385 1020 440 nactas.

145 506 402 606 relinqueretur.
424 507 573 594 Deinde,
601 505 693 605 quod
719 506 749 580 si
776 506 859 580 sorte
883 507 936 580 vir
960 507 1075 594 uren,
1106 506 1161 581 vel
1185 535 1258 584 uxor

143 622 215 696 viro
248 621 460 722 displiceret,
489 646 552 695 nec
576 621 644 695 alia
669 620 737 695 illis
763 637 955 722 suppeteret
978 621 1055 707 via,
1084 649 1157 722 qua
1183 649 1221 698 se
1243 650 1259 699 a

143 751 314 811 contracto
339 735 474 811 vinculo
499 735 698 823 liberarent,
727 735 887 810 facillime
911 737 1048 810 evenire
1071 755 1212 835 posset,
1231 754 1262 812 ut

144 850 344 925 simularent
368 875 406 924 se
431 850 474 923 ad
500 850 701 925 catholicam
719 850 820 925 fidem
838 849 1007 938 converti,
1032 877 1104 950 qua
1124 851 1195 924 sihi
1213 877 1261 928 so·

146 967 308 1042 lationem
333 991 354 1039 a
380 965 617 1042 matrimoniali
649 966 784 1042 vinculo
809 983 1035 1068 quaererent,
1062 968 1261 1069 requisitam

148 1108 271 1180 nempe
294 1107 483 1156 consensus
508 1082 774 1169 renovationem,
803 1097 881 1182 post
907 1080 1104 1157 simulatam
1130 1106 1263 1169 conver·

145 1197 303 1285 sionem,
336 1197 541 1273 alteralteri
567 1197 778 1296 denegando.
806 1198 978 1285 Tertium,
1007 1198 1103 1297 quod
1135 1200 1262 1276 etiamsi

146 1312 309 1411 coniuges
335 1314 378 1387 ad
405 1331 557 1390 sanctem
588 1314 784 1413 religionem
806 1314 895 1390 serio
914 1340 955 1388 ac
972 1313 1070 1388 firmo
1091 1317 1262 1416 proposito

145 1446 436 1518 converterentur,
463 1448 610 1506 attamen
636 1431 707 1505 fieri
734 1446 869 1531 posset,
889 1445 928 1504 ut
943 1430 1131 1531 praecipua
1148 1457 1259 1519 causa,

147 1543 191 1617 ad
217 1545 471 1621 conversionem
497 1545 699 1646 impellens,
725 1560 816 1619 esset
840 1570 920 1644 spes
946 1545 1205 1644 recuperandae
1232 1545 1261 1618 li

145 1659 310 1749 bertatis,
339 1678 372 1737 et
396 1662 618 1763 abrumpendi
637 1661 782 1749 vinculi,
802 1662 893 1761 quod
921 1661 1007 1762 ipsis
1027 1661 1072 1736 ad
1091 1662 1259 1738 ferendum

146 1775 426 1852 molestissimum
443 1794 553 1866 esset,
574 1778 666 1879 quod
679 1777 738 1851 ubi
752 1777 922 1866 eveniret,
944 1802 1043 1852 nemo
1054 1793 1111 1852 est
1123 1779 1185 1880 qui
1202 1804 1258 1853 non

145 1891 279 1984 videat,
303 1895 421 1994 quanti
444 1895 683 1969 conversiones
708 1892 905 1967 huiusmodi
918 1879 1108 1967 'faciendae
1137 1908 1255 1968 essent.

218 2009 323 2098 Saue,
352 2011 461 2111 pergit
481 2011 682 2086 Benedictus
706 2010 789 2082 xlv.
808 2035 842 2081 n.
861 2011 920 2081 10.
937 2009 1029 2109 quod
1051 2010 1202 2108 pertinet
1222 2007 1256 2095 ad

145 2124 297 2199 timorem
323 2126 570 2214 simulationis,
592 2126 636 2199 de
652 2152 721 2226 qua
741 2125 841 2199 modo
863 2124 991 2199 dictum
1015 2141 1091 2214 est,
1112 2124 1256 2224 congruit

144 2239 331 2315 lnnocentii
358 2243 417 2315 lll.
443 2269 643 2344 responsum
668 2241 712 2315 ad
738 2241 935 2342 episcopum
956 2240 1196 2316 ferrariensem
1215 2265 1256 2314 re·

143 2353 248 2429 latum
274 2357 309 2429 in
335 2382 411 2459 cap.
430 2357 572 2446 Quanto.
593 2359 641 2431 m
666 2357 836 2443 divortiis,
856 2355 916 2432 ubi
939 2356 1090 2456 pontifex
1108 2373 1252 2456 rogatus,

143 2497 223 2543 num
247 2473 452 2546 matrimonii
478 2473 649 2548 vinculum
676 2473 909 2559 dissolvatur,
945 2470 1050 2545 alteru
1074 2473 1218 2570 coniuge
1240 2494 1254 2543 a

142 2586 309 2661 catholica
322 2587 485 2686 religione
497 2590 540 2662 ad
554 2589 722 2663 ethnicam
739 2587 1034 2688 superstitionem,
1055 2603 1118 2661 aut
1130 2588 1175 2661 ad
1187 2587 1254 2660 hae

143 2701 245 2774 resim
267 2719 481 2790 transeunte,
505 2731 719 2804 nequaquam
745 2703 887 2777 dissolvi
914 2701 1108 2802 respondit;
1129 2718 1163 2777 et
1179 2702 1254 2776 hanc

143 2815 231 2888 inter
255 2816 341 2890 alias
366 2819 530 2892 rationem
547 2820 663 2893 allent:
686 2819 910 2905 Quorumdam
925 2819 1074 2891 malitiae
1093 2819 1249 2899 ohoiatar,

142 2933 203 3028 qai
214 2934 249 3004 in
262 2933 373 3006 odium
386 2937 578 3035 coniugam,
598 2937 652 3009 vel
668 2936 799 3034 qvando
811 2936 878 3008 siit
888 2936 1028 3007 invicem
1040 2934 1250 3033 displicerent,

141 3049 174 3119 si
188 3074 243 3122 aas
255 3064 389 3148 possent
409 3051 444 3121 in
461 3051 524 3123 tali
539 3077 618 3124 casa
642 3051 824 3135 dimittere,
852 3051 1046 3123 simularent
1065 3049 1250 3124 haeresim.»

214 3164 279 3236 Alii
303 3181 498 3264 praeterea,
531 3193 593 3241 nec
618 3168 733 3242 forsan
759 3167 947 3252 immerito,
976 3165 1011 3237 in
1037 3191 1079 3239 eo
1107 3165 1252 3240 insistunt

141 3281 233 3381 quod
264 3282 477 3383 impossihile
500 3311 638 3384 prorsus
669 3299 760 3357 esset
788 3282 969 3356 haereticis
1003 3280 1114 3378 legem
1139 3281 1252 3356 triden-

141 3396 246 3469 tinam
273 3398 469 3487 observare3
499 3400 669 3499 siquidem
696 3400 903 3473 incurrerent
919 3398 955 3470 in
974 3398 1081 3485 iram,
1108 3393 1249 3471 animad-

140 3513 384 3614 versionesque
416 3515 527 3614 ipsius
562 3531 674 3589 sectae
707 3515 963 3600 ministrorum,
993 3528 1054 3586 aut
1083 3513 1250 3610 magistru-

141 3641 257 3715 tuum,
286 3628 329 3700 ab
350 3629 428 3702 aliis
455 3629 607 3703 eiusdem
635 3645 746 3702 sectae
771 3628 965 3701 hominihus
986 3652 1049 3700 ceu
1076 3627 1190 3713 irrita,
1208 3617 1249 3698 vel

141 3759 232 3817 certe
254 3770 317 3817 ceu
339 3742 456 3817 illicita
482 3743 686 3817 haberentur
711 3742 869 3839 coniugia
895 3767 1008 3815 eoram
1035 3741 1186 3840 parocho
1205 3763 1249 3811 ca·

141 3856 242 3931 tolico
273 3858 466 3947 celebrata;
499 3885 644 3945 verum,
673 3858 765 3957 quod
793 3872 895 3956 capnt
919 3872 995 3942 est,
1023 3855 1067 3929 ab
1095 3856 1182 3956 ipsis
1205 3876 1249 3928 ct·

142 3971 277 4048 tholicis
304 3973 462 4072 parochis
486 3973 646 4047 haeretici
672 3973 906 4047 contrahentes
924 3970 967 4044 ad
986 3971 1192 4046 matrimonii
1208 3990 1250 4042 ct·

143 4085 364 4163 lebrationom
397 4116 508 4164 coram
535 4116 572 4163 se
598 4116 664 4163 non
693 4089 948 4162 admitterentur
963 4089 1053 4182 (20).

216 4273 320 4343 (notos.
336 4274 447 4324 carrione
456 4277 494 4324 De
503 4278 619 4325 matrim.
633 4277 694 4325 tom.
707 4277 738 4325 lt.
751 4288 776 4324 n.
791 4278 858 4324 isli.
869 4273 912 4336 qui
927 4272 1016 4335 allegat
1028 4285 1074 4335 pro
1086 4260 1247 4325 nocnerit

142 4352 225 4418 plures
235 4353 364 4419 theologos
374 4354 427 4408 sive
436 4354 586 4420 antiquiores
598 4355 651 4407 sive
662 4356 816 4408 recentiores.
829 4356 866 4407 Dc
874 4352 965 4416 quihus
974 4355 1070 4418 postea.
