2804 5062
585 456 589 464 ¹
625 397 763 447 inuri.
1183 371 1249 443 itt

162 574 255 647 Chi).
276 573 369 642 V.-
378 594 418 645 itt
432 592 598 645 scutatus
612 590 785 645 scissura
799 590 831 642 {tt
845 589 960 642 CAUSAS
973 585 1226 640 unimodum

550 691 590 742 tc
607 692 640 774 ΙΝ
658 689 836 742 sponsant.
921 767 923 770 Α

137 831 219 906 har.
243 831 268 900 l.
315 827 445 902 Causae
466 854 582 903 omnes
600 826 880 915 matrimoniales,
901 850 987 927 quae
1003 823 1155 897 intimam

364 959 554 1016 contractus
573 960 726 1017 naturam
744 942 912 1040 attingunt
928 940 971 1014 ad
990 937 1080 1013 solos
1098 962 1154 1010 ec-

363 1056 570 1133 clesiasticos
596 1056 725 1131 iudices
751 1072 903 1158 spectant
908 1111 1127 1129 ..............
1133 1082 1151 1122 rt
1180 1046 1249 1121 189

136 1178 218 1251 Ans.
241 1176 283 1247 ll.
313 1174 491 1274 Sponsalia
516 1190 684 1275 quatenus
705 1173 749 1248 ad
771 1189 1018 1248 sacramentum
1041 1168 1156 1244 matri·

363 1290 467 1363 monii
487 1289 674 1389 disponunt
686 1287 861 1364 subiacent
873 1287 938 1360 iuri
951 1285 1151 1361 ecclesiae.»
1180 1282 1249 1355 192

205 1474 297 1549 cni.
318 1472 371 1545 Vl.
389 1517 436 1530 -
458 1498 499 1548 on
525 1497 692 1550 acciaens
718 1496 892 1549 romeriis
917 1461 950 1546 ni
976 1490 1179 1565 summum

297 1596 539 1648 maasucoauu
557 1596 651 1648 muna
667 1597 704 1647 sn
720 1596 781 1648 vm
798 1595 862 1647 cuu
880 1591 1073 1646 crruoucts.

135 1758 216 1832 Aur.
238 1758 264 1827 l.
311 1754 500 1829 Generatim
527 1756 784 1832 matrimonialis
805 1754 967 1830 ecclesiae
986 1751 1155 1851 legislatio

363 1871 576 1947 matrimonia
600 1873 739 1974 respicit
759 1899 826 1947 uon
849 1871 949 1946 modo
974 1867 1156 1944 catholico-
1293 1965 1295 1970 Ι

360 1990 678 2064 rumvemmetiam
690 1986 1151 2063 mixtaethaereticorum..»
1180 1980 1249 2052 199

128 2103 211 2177 har.
235 2102 264 2172 ll
308 2101 645 2203 Nominatim·quoad
671 2104 947 2205 impedimentum
972 2098 1155 2175 clandesti-

359 2217 498 2308 nitatis,
534 2221 688 2321 quaestio
718 2222 880 2297 enodatur
909 2218 1071 2293 iuridica:
1106 2240 1150 2289 un

357 2332 569 2410 clandestina
595 2337 808 2412 matrimonia
823 2335 905 2410 siue
929 2333 1055 2418 mixta,
1082 2330 1156 2406 sive

359 2447 603 2525 haereticorum
626 2452 696 2527 sint
720 2452 814 2526 irrita
821 2503 1125 2525 ...................
1133 2474 1151 2515 o
1181 2445 1250 2517 204

182 2564 218 2660 ᾗ,
242 2564 268 2635 l.
290 2562 426 2638 lllorum
441 2581 638 2662 argumenta
651 2567 709 2667 qui
719 2566 876 2667 'pugnant
888 2589 949 2664 pro
957 2561 1071 2640 valore
1080 2586 1155 2634 oon-

357 2679 523 2777 iugiorum
545 2680 848 2769 clandestinorum,
873 2705 961 2780 quae
978 2678 1051 2752 siue
1068 2675 1155 2752 cele-

357 2793 496 2869 brantur
507 2796 595 2870 inter
607 2796 792 2873 catholicos
805 2812 838 2870 et
854 2793 1074 2882 acatholicos,
1084 2793 1157 2868 sire

360 2910 446 2985 inter
470 2911 563 2987 solos
589 2912 795 2987 acatholicos
813 2914 849 2985 in
866 2911 951 2987 locis
973 2912 1009 2984 in
1031 2909 1156 3011 quihus

358 3024 564 3122 publicatum
590 3045 642 3102 est
668 3028 839 3103 decretum
870 3025 1004 3101 concilii
1029 3025 1156 3100 triden-

361 3137 421 3211 tini
442 3140 656 3239 proleruntur
661 3195 1126 3214 .............................
1134 3168 1151 3208 t
1182 3138 1249 3209 207

185 3255 221 3354 5.
244 3255 288 3327 ll.
309 3254 514 3353 Argumenta
538 3256 751 3358 proferuntur
771 3281 886 3330 eorum
904 3255 963 3354 qui
985 3253 1156 3327 matrimo-

361 3372 419 3445 nia
432 3373 504 3447 sive
520 3372 641 3459 mixta,
658 3372 730 3446 sive
742 3369 1002 3446 acatholicorum
1019 3370 1106 3444 iuter
1118 3393 1156 3442 se

363 3486 455 3561 nulla
472 3513 513 3562 ac
530 3488 624 3562 irrita
642 3514 719 3562 esse
740 3486 946 3561 contendunt
961 3484 1020 3559 uhi
1037 3485 1154 3561 decre·

362 3618 431 3675 tum
445 3602 661 3677 tridentinum
680 3602 743 3677 luit
760 3601 967 3701 publicatum
972 3658 1126 3673 ..........
1134 3629 1151 3670 a
1182 3601 1250 3671 218

187 3719 223 3817 ὅ.
248 3717 305 3789 lll.
327 3717 540 3817 Apostolicae
557 3718 649 3792 sedis
674 3719 807 3792 decreta
828 3718 918 3792 circa
942 3716 1156 3791 matrimonia

361 3833 622 3908 acatholicorum
658 3835 744 3906 inter
778 3859 844 3920 se,
878 3849 910 3907 et
942 3831 1155 3907 matrimonia

361 3949 465 4022 mixta
495 3950 553 4023 uhi
589 3948 796 4050 publicatum
829 3975 868 4023 ac
900 3964 1069 4050 receptum
1104 3963 1157 4020 est

361 4063 531 4139 decretum
558 4066 690 4139 concilii
715 4064 884 4141 tridentini
890 4119 1126 4137 ...............
1134 4091 1152 4132 »
1181 4063 1250 4134 222

185 4181 210 4278 §
245 4181 295 4251 lV.
318 4180 597 4277 Argumentorum
622 4209 710 4282 quae
736 4208 795 4281 pro
817 4197 959 4281 utraque
989 4179 1154 4255 sententia

362 4293 464 4370 allata
489 4315 568 4370 suut
598 4298 751 4396 epicrisis
759 4354 895 4369 ........
904 4346 911 4368 2
922 4354 1120 4369 .............
1133 4324 1149 4367 »
1180 4295 1248 4366 235
