2804 5062
111 397 1070 462 mem.necturorssr.samemrnmmrnrnmr.n.
1102 374 1165 445 tsi

64 528 155 603 ritati
172 528 227 601 ins
244 522 498 600 statuendoram
515 521 828 621 impedimentorum
845 519 1094 603 dirimentium,
1112 515 1172 588 sed

63 641 110 716 cb
126 639 339 717 accedentem
359 637 521 713 ecclesiae
546 638 786 713 auctoritatem.
808 634 966 735 Alioquin
994 630 1174 734 prohibitio

63 759 160 857 regia
184 782 251 832 non
276 755 442 852 attigisset
469 755 534 828 nisi
565 754 706 829 effectus
732 753 865 840 ciuiles,
895 751 991 825 firmo
1017 761 1175 821 manente

64 871 235 971 coniugali
254 871 387 946 foedere
403 896 443 945 ac
459 870 613 959 uinculo,
630 875 728 970 prout
741 870 852 970 reipsa
869 867 1016 940 cernitur
1029 865 1063 934 in
1077 886 1175 961 prae·

64 987 154 1064 senti
179 1011 282 1062 eausa
306 985 492 1075 accidisse,
513 986 549 1058 in
566 1011 634 1085 quc
658 985 746 1084 regis
775 1000 892 1085 postea
918 977 1176 1080 superveniente

65 1127 256 1188 consensu,
284 1118 392 1175 ratum
423 1100 575 1174 habitum
601 1115 653 1174 est
677 1099 832 1173 Gaswnis
864 1123 940 1172 cum
966 1088 1177 1191 Margaretha

66 1216 274 1294 connubium
291 1215 422 1316 absque
442 1214 512 1289 ulla
532 1223 717 1290 consensus
738 1215 950 1289 renovatione
974 1226 1033 1284 aut
1057 1205 1179 1280 ratiha-

62 1331 193 1407 bitione
216 1333 305 1427 (dh).
321 1332 380 1404 Sin
397 1338 476 1405 vero
494 1329 689 1405 alterutrum
708 1328 868 1415 defuerit,
890 1324 1019 1401 scilieet
1035 1344 1179 1396 consue-

65 1445 147 1521 tudo
171 1444 224 1519 uei
246 1444 412 1519 ecclesiae
435 1446 472 1516 in
497 1470 600 1520 sensu
625 1444 777 1544 exposito
800 1440 1015 1543 approbatio,
1039 1434 1179 1511 euidens

66 1576 121 1636 est
145 1560 181 1633 in
206 1558 278 1634 foro
303 1559 527 1635 conscientiae
544 1557 628 1632 illud
646 1559 841 1657 coniugium
859 1555 1020 1654 viguisse.
1037 1552 1079 1624 Et
1097 1551 1180 1623 haec

68 1675 232 1751 hactenus
256 1673 301 1749 de
324 1673 389 1748 hcc
414 1674 522 1761 facto,
542 1673 633 1774 quod
650 1673 806 1773 quamuis
827 1696 916 1744 nunc
941 1666 1102 1766 temporis
1121 1675 1181 1763 pa'·

68 1816 145 1864 rum
168 1806 227 1864 aut
251 1788 339 1862 nihil
364 1805 479 1865 nostra
509 1788 659 1876 intersit,
688 1786 944 1889 expendendum
973 1799 1084 1857 tamen
1110 1793 1181 1853 crat

68 1921 108 1980 ut
133 1903 228 1978 fieret
253 1903 337 1978 satis
360 1902 564 1980 aduersariis
583 1903 643 2003 qui
663 1929 704 1978 eo
723 1901 821 1977 abusi
843 1915 1015 2000 tantopere
1035 1906 1114 1970 sunt
1138 1891 1182 1967 ad

68 2033 264 2119 germanam
289 2016 489 2094 catholicam
513 2019 699 2094 doctrinam
724 2015 985 2118 oppugnandam

143 2134 286 2208 Domum
311 2160 352 2207 ex
375 2133 493 2208 eodem
519 2134 686 2236 principio
710 2133 800 2233 quod
826 2133 995 2234 principos
1028 2124 1182 2200 infideles

70 2251 145 2325 iure
168 2266 305 2324 careant
329 2249 364 2321 in
389 2248 595 2324 matrimonii
612 2248 786 2323 vinculum
803 2247 925 2322 deduci
938 2262 971 2320 at
983 2243 1066 2317 illud
1084 2239 1185 2314 debet

70 2389 141 2439 non
158 2363 257 2438 modo
276 2363 488 2464 principibus
505 2363 716 2453 infidelibus,
736 2374 851 2440 verum
869 2364 976 2438 etiam
987 2354 1184 2435 christianis

71 2478 129 2553 ius
148 2502 216 2551 ncn
237 2492 314 2552 esse
333 2477 556 2578 dispensandi
580 2478 624 2554 ab
648 2481 899 2580 impedimentis
925 2472 1181 2556 dirimentibus,

71 2592 368 2694 quemadmodum
383 2620 446 2668 nec
468 2593 527 2670 illa
551 2614 694 2696 possunt
725 2606 891 2685 statuere;
927 2621 1036 2695 neque
1060 2593 1105 2664 iis
1130 2592 1185 2665 ius

70 2732 151 2783 essa
176 2705 385 2782 diiudicandi
411 2710 524 2807 quoad
549 2709 722 2785 uinculum
746 2735 868 2786 causas
893 2706 1183 2794 matrimoniales,

71 2835 108 2898 et
125 2840 168 2898 ne
184 2819 319 2919 singula
336 2848 598 2924 persequamur,
618 2825 786 2901 catholica
802 2827 956 2901 doctrina
968 2825 1012 2898 de
1024 2832 1188 2926 potestate

73 2933 247 3010 exclusiva
270 2934 435 3010 ecclcsiae
459 2938 495 3011 in
520 2940 769 3015 matrimonium
799 2940 1020 3015 christianum
1046 2937 1188 3012 mirifice

72 3046 304 3124 confirmatur.
320 3049 426 3127 Sacus
438 3066 570 3130 teroex
582 3055 750 3130 contrario
772 3055 938 3155 principio
957 3051 1186 3138 consectaria,

74 3189 165 3265 quae
189 3164 266 3264 plus
291 3164 405 3239 minus
429 3193 450 3240 a
474 3167 639 3246 catholica
664 3169 816 3243 doctrina
840 3167 1023 3254 abludunt,
1043 3166 1189 3242 deducta

74 3294 157 3357 sunt
180 3302 220 3354 ac
244 3279 456 3356 deducuntur
480 3308 547 3358 non
572 3283 672 3358 modo
689 3282 732 3359 ab
749 3283 910 3359 ecclesiae
934 3282 1102 3370 hostibus,
1128 3281 1190 3355 sed

75 3393 178 3476 etiam
206 3394 427 3471 acatholicis
452 3396 674 3497 scriptoribus
699 3398 864 3480 doctis—ct
888 3398 969 3497 piis.

150 3508 260 3611 Atque
283 3527 322 3586 ut
346 3537 433 3612 pene
457 3512 629 3589 obsoletas
661 3513 764 3613 paulo
797 3529 874 3587 ante
902 3513 1085 3586 recensitas
1109 3513 1191 3585 San·

77 3624 211 3713 chath,
231 3625 319 3701 Petri
337 3626 437 3715 Sota,
458 3625 648 3711 Gerbaesii,
667 3627 822 3703 Dracinii
841 3625 1051 3726 aliorumque
1068 3632 1191 3723 magno

77 3765 219 3815 numero
242 3741 302 3840 qui
327 3740 394 3815 illis
419 3742 648 3818 adhaeserunt
671 3744 864 3818 omittamus
889 3743 1093 3829 sententias,
1115 3741 1191 3815 illas

76 3879 254 3929 recensere
279 3857 424 3931 contenti
451 3858 596 3946 erimus,
617 3883 703 3959 quas
724 3884 790 3932 non
807 3859 854 3931 ita
873 3857 1005 3956 pridem
1022 3883 1099 3930 cum
1117 3855 1191 3930 suis

75 3967 121 4044 Ι).
138 3969 291 4044 Garriere
314 3971 483 4048 recensuit
507 3988 540 4047 et
564 3973 757 4074 complexus
783 3988 846 4046 est.
869 3970 960 4044 Talis
985 3998 1024 4047 ea
1049 3987 1101 4045 est
1125 3996 1194 4072 qna

79 4086 229 4161 statuit«
246 4085 486 4188 impedimenta
511 4088 701 4163 dirimentis
726 4090 761 4160 in
785 4087 899 4162 codice
924 4085 1014 4161 civili
1041 4100 1190 4187 statuta,

153 4270 205 4335 (ot)
218 4271 256 4322 ct.
270 4272 376 4324 beattier
392 4272 527 4324 otsmcct.
541 4275 583 4323 tx.
594 4272 617 4337 §.
628 4275 660 4323 11.
670 4273 711 4325 abt
726 4273 819 4325 excutit
836 4273 915 4324 totum
930 4273 977 4323 troc
992 4272 1193 4351 negotiumque

77 4350 172 4402 abusus
193 4350 273 4404 tuerat
293 4353 326 4403 ed
349 4364 399 4404 ιιι
421 4365 492 4404 suam
513 4352 645 4416 nuncius.

147 4458 174 4514 ll
952 4485 955 4497 »
1096 4461 1126 4512 tt
