2804 5062
150 347 217 433 tb8
371 366 433 417 ιιι.
455 366 491 417 ιι.
512 365 621 417 srurro
639 366 662 414 ι.
684 365 725 415 ιιι
747 364 875 415 rorrsr.
899 363 1024 415 scrius.

146 487 330 573 effecerunt
353 483 471 558 datum
492 509 697 559 consensum
716 483 761 557 ab
778 509 819 556 ea
837 481 1035 556 auctoritate
1052 481 1127 556 tolli
1145 482 1269 560 debent

144 629 166 676 a
190 628 259 702 qua
285 601 420 676 luerunt
443 600 645 689 constituta,
668 600 817 699 prolecto
840 625 917 673 oum
942 599 1108 673 canonica
1127 599 1270 700 impedi-

144 735 259 795 menta
271 713 405 795 'statuta
422 717 466 790 ab
483 716 630 790 ecelesia
655 717 799 804 luerint,
829 715 968 790 euidens
986 731 1039 789 est
1056 717 1268 791 sanationem

144 836 181 908 in
202 833 374 909 radicead
387 859 428 905 ea
441 833 567 933 puriter
580 832 821 933 impedimenta
834 831 963 907 relerri.
988 834 1108 933 ltaque
1125 834 1270 910 ecclesia

144 967 256 1053 potest
278 977 363 1035 eam,
380 950 592 1025 sanationem
617 951 780 1049 perlicere
800 951 910 1049 primo
928 950 971 1022 ab
988 949 1151 1024 omnibus
1175 979 1268 1051 prur-

144 1071 204 1143 sus
230 1066 504 1167 impedimentis,
529 1093 618 1166 quae
644 1066 720 1168 ipsa
746 1066 899 1140 statuerit
918 1065 962 1138 ad
978 1065 1170 1140 vitiandum
1193 1094 1266 1143 oon·

143 1211 304 1269 sensum,
334 1209 401 1258 non
434 1197 572 1271 nutem,
599 1199 638 1256 ut
666 1181 818 1258 nonnulli
853 1198 1049 1270 autumant,
1081 1183 1266 1284 abaliquo

144 1316 288 1389 mutum,
313 1327 353 1375 ac
378 1300 576 1374 nominatim
603 1327 623 1373 a
649 1299 721 1374 solo
744 1299 983 1399 impedimento
1009 1299 1264 1376 clandestinita·

143 1418 200 1491 tis.
216 1418 391 1491 Eiusmodi
416 1419 507 1490 enim
526 1417 670 1492 assertio
691 1416 822 1514 alogica
848 1433 919 1504 est;
941 1415 1035 1490 nulla
1059 1417 1191 1517 quippe
1207 1444 1263 1516 ap-

143 1548 240 1633 paret
260 1535 345 1608 ratio
367 1560 473 1634 quare
495 1534 538 1606 ab
559 1561 627 1607 uno
652 1534 765 1633 potius
786 1561 889 1634 quam
907 1533 950 1608 ab
968 1532 1036 1607 alio
1052 1559 1073 1606 e
1090 1533 1261 1608 canonicis

144 1648 397 1749 impedimentis
423 1649 567 1724 ecclesia
589 1650 780 1750 quempiam
805 1650 936 1725 solvere
958 1650 1089 1748 possit,
1116 1677 1196 1724 cum
1213 1675 1262 1724 ea·

143 1764 220 1839 dem
249 1765 446 1841 auctoritate
477 1765 543 1841 sibi
569 1793 591 1839 a
616 1766 750 1840 Christo
780 1768 1027 1842 communicatu
1053 1792 1167 1867 aequo
1194 1767 1262 1840 iure

141 1883 257 1957 omnia
275 1882 518 1983 impedimenta
535 1884 694 1958 sanxerit.
713 1884 754 1956 Et
772 1909 873 1970 eane,
896 1887 945 1961 uti
962 1883 1065 1984 paulo
1082 1900 1163 1984 post
1174 1884 1263 1961 uide·

144 1999 279 2088 bimus,
298 2000 444 2075 ecclesia
461 2026 527 2074 non
548 2001 647 2075 modo
664 2028 685 2074 a
701 2000 985 2074 clandestinitatis
1005 2000 1259 2100 impedimento,

143 2116 204 2196 sed
229 2116 273 2189 ab
297 2116 378 2191 aliis·
402 2117 504 2191 etiam
529 2118 627 2216 plura
652 2118 811 2214 coniugia
836 2117 980 2191 sanavit.
1009 2117 1168 2192 Secundo
1200 2143 1262 2192 uon

143 2249 254 2334 potest
280 2251 390 2309 tamen
417 2234 536 2309 eadem
562 2234 706 2309 ecclesia
728 2235 849 2308 vitium
875 2261 996 2308 sanare
1020 2233 1114 2334 quod
1137 2235 1183 2308 ab
1204 2235 1262 2307 im·

143 2351 349 2450 pedimentis
368 2351 452 2426 iuris
471 2350 636 2425 naturalis
657 2377 774 2450 presse
791 2351 920 2449 sumpti
938 2350 1085 2437 oriatur,
1104 2367 1166 2426 aut
1181 2349 1261 2423 iuris

143 2466 273 2553 divini,
302 2468 384 2567 quia
410 2467 445 2540 id
469 2468 543 2541 eius
570 2468 800 2541 auctoritatem
822 2467 966 2541 excedit.
989 2468 1039 2542 De
1062 2467 1149 2541 iuris
1170 2483 1262 2542 natu-

144 2582 225 2656 ralis
252 2609 371 2681 presse
404 2583 484 2657 dicti
517 2585 768 2684 impedimentis
795 2611 862 2657 non
891 2583 1059 2684 estquod
1085 2584 1261 2685 loquamur

143 2698 178 2770 in
201 2697 257 2771 bis
284 2700 375 2772 enim
401 2726 478 2773 oum
503 2702 547 2773 de
571 2728 611 2775 eo
637 2717 772 2799 agatur,
801 2701 892 2801 quod
919 2701 1139 2775 intrinsecam
1166 2717 1261 2803 atque

143 2814 375 2890 inhaerentem
402 2817 644 2916 turpitudinem
672 2818 829 2906 involvit,
851 2845 910 2919 per
936 2846 974 2893 se
998 2834 1091 2920 patet
1107 2819 1194 2893 nulli
1212 2819 1260 2892 di-

143 2931 352 3028 spensationi
372 2932 484 3006 locum
500 2959 592 3020 esse;
615 2934 675 3007 sed
694 2961 803 3034 neque
821 2934 865 3007 de
883 2935 1136 3034 impedimentis
1155 2935 1259 3011 divini

143 3047 226 3123 iuris
244 3048 370 3146 ambigi
388 3066 514 3150 potest;
537 3050 708 3125 necerim
733 3051 833 3125 homo
859 3078 1072 3153 quacumque
1098 3069 1260 3153 potestate

142 3180 201 3239 aut
219 3166 416 3241 auctoritate
443 3182 608 3267 praestet,
637 3184 747 3269 potest
772 3170 936 3266 attingere
960 3169 1050 3270 quod
1076 3170 1171 3245 Deus
1197 3169 1259 3244 sibi

142 3283 343 3371 reservavit,
367 3283 433 3358 nisi
456 3284 513 3359 hic
534 3286 678 3385 ipsemet
695 3312 769 3358 cam
788 3285 979 3360 facultatem
997 3286 1186 3386 specialem
1202 3285 1258 3360 tri·

141 3395 269 3484 buerit,
295 3399 387 3498 quod
406 3426 482 3473 eum
501 3401 623 3475 secisse
637 3402 671 3474 in
684 3428 767 3475 casu
785 3418 900 3477 nostro
917 3421 1005 3477 certe
1025 3431 1091 3477 non
1110 3420 1255 3489 constat,

143 3511 210 3585 imo
233 3527 373 3609 prorsus
395 3532 527 3590 constat
552 3518 775 3606 contrarium,
797 3546 837 3594 ac
855 3519 995 3617 proinde
1018 3543 1260 3619 numquamne

141 3631 300 3729 nuspiam
318 3632 462 3707 ecelesia
481 3637 613 3709 sanavit
632 3637 882 3709 matrimonium
901 3637 1020 3708 initum
1039 3662 1116 3709 eum
1135 3635 1258 3711 actuali

141 3747 382 3846 impedimento
407 3749 596 3847 ligaminis,
618 3753 708 3851 quod
736 3753 819 3826 iuris
845 3754 951 3826 divini
970 3770 1034 3826 est.
1056 3754 1107 3825 Ex
1124 3781 1196 3854 quo
1213 3779 1258 3827 se

141 3863 256 3960 quitur
271 3863 386 3937 omnia
405 3865 580 3962 coniugia,
605 3894 693 3966 quae
718 3867 801 3940 inita
823 3869 946 3943 luerint
965 3896 1042 3942 oum
1061 3868 1182 3970 aliquo
1199 3871 1258 3942 im-

143 3975 335 4074 pedimento
352 3981 423 4053 sive
440 3980 526 4054 iuris
545 4007 662 4080 presse
679 3983 843 4057 naturalis
862 3985 934 4057 sive
953 3985 1038 4057 iuris
1055 3985 1166 4058 divini
1185 4010 1258 4060 esse

141 4094 280 4169 omnino
305 4096 521 4172 insanabilia.

218 4210 418 4309 lntelligitur
445 4217 478 4286 l.
503 4240 579 4287 oum
605 4243 790 4291 consensus
818 4236 954 4292 mutuus
978 4218 1073 4291 radix
1092 4219 1139 4292 sit
1164 4219 1257 4292 unio-

142 4325 195 4399 nis
225 4326 435 4424 coniugalis,
463 4356 602 4405 necesse
627 4360 767 4432 prorsus
794 4360 895 4420 esse,
925 4351 963 4408 ut
986 4334 1044 4408 hie
1069 4360 1255 4411 consensus
