2828 5054
116 335 186 386 w·
200 333 247 384 ΙΙΙ.
261 333 629 385 caeterorummetum
643 335 708 386 lli?-
721 335 842 385 mlh-All
855 336 950 385 utta·
960 337 1031 386 aar.
1043 336 1065 386 l.
1110 315 1176 388 665

66 471 131 529 art.
149 453 209 526 15ss
224 452 268 537 ad
287 455 321 525 1.
342 452 557 526 «Dicendum
582 453 670 552 quod
698 453 841 527 ecclesia
864 453 899 525 in
924 454 1005 540 his,
1028 481 1118 554 quae
1134 456 1177 533 ad

65 567 316 643 matrimonium
342 567 528 665 pertinent,
549 568 706 642 sehabet
727 567 918 668 tripliciter,
947 595 1014 642 uno
1039 569 1176 669 quidem

65 682 167 758 modo
184 708 244 782 per
261 681 396 760 modum
422 681 736 757 iudicantis....alio
758 683 856 770 modo
874 708 934 782 per
950 683 1087 757 modum
1099 709 1179 781 pro-

64 796 206 870 hibentis
231 811 264 869 et
282 797 630 894 punientia....Tertio
655 796 754 871 modo
776 797 934 871 sehabet
958 823 1018 896 per
1042 797 1177 871 modum

64 911 266 995 Statuentis,
296 911 381 1009 qood
404 927 451 984 est
475 912 580 984 solum
604 917 794 986 auctoritate
810 915 930 985 sommi
940 914 1124 1012 pontificis;
1145 928 1195 993 et¹

63 1027 251 1101 secuudum
268 1026 333 1100 hoc
355 1053 517 1125 personae
541 1027 676 1127 aliquae
701 1028 886 1102 redduntur
909 1027 1119 1125 illegitimae,
1141 1043 1177 1100 ut

65 1157 156 1243 patet
172 1141 207 1214 in
225 1140 428 1240 quibusdam
445 1140 605 1238 gradibus
623 1142 924 1239 consanguinitatis
937 1159 969 1215 et
985 1141 1172 1229 affinitatis,

63 1255 115 1330 vel
141 1255 241 1329 etiam
266 1255 309 1327 de
333 1254 501 1343 adultera,
526 1280 601 1329 oum
627 1255 705 1355 quis
726 1256 819 1329 dedit
844 1256 875 1328 ei
901 1256 1001 1328 fidem
1027 1256 1070 1328 de
1097 1282 1176 1329 con-

65 1371 250 1458 trahendo,
272 1397 349 1444 cum
368 1370 579 1443 machinatus
596 1385 649 1443 est
666 1371 700 1442 in
718 1386 857 1444 mortem
876 1371 1027 1443 uxoris.»
1045 1370 1175 1458 Quibus

62 1485 175 1558 verbis
202 1500 400 1584 potestatem
433 1484 601 1557 statuendi
627 1485 866 1583 impedimenta
890 1484 1082 1558 dirimentis
1111 1485 1174 1559 soli

23 1614 29 1625 '
60 1627 197 1674 summo
224 1600 397 1700 pontifici,
429 1626 489 1673 seu
519 1600 682 1674 ecclesiae
709 1600 877 1674 exclusive
907 1600 1040 1688 tribuit,
1067 1600 1113 1674 ita
1139 1617 1176 1674 ut

38 1714 148 1789 'nulli
175 1715 292 1791 civiles
318 1714 488 1814 principes
514 1741 554 1787 ea
579 1715 742 1795 fruantur.
764 1717 806 1787 Et
826 1716 910 1789 haec
926 1715 968 1789 de
986 1742 1016 1788 s.
1029 1715 1175 1791 Thomae

61 1849 196 1918 mente,
229 1832 327 1906 ouius
358 1831 544 1904 auctoritati
578 1831 791 1929 potissimum
823 1831 932 1904 fidunt
964 1830 1109 1929 theologi
1142 1849 1174 1905 ot

58 1947 256 2019 canonistas
280 1947 323 2020 de
347 1945 474 2045 quibus
500 1944 701 2019 disserimus
718 1947 805 2040 (lb).

133 2059 250 2133 Dicam
278 2063 311 2133 3.
336 2060 566 2134 auctoritatem
590 2059 730 2132 istorum
758 2058 985 2156 theologorum
1011 2059 1173 2133 infirmari

59 2201 102 2249 eo
128 2176 203 2274 ipso
228 2175 317 2273 quod
343 2190 473 2249 constet
493 2191 526 2248 et
548 2175 678 2247 interna
691 2190 724 2246 et
736 2191 872 2247 externa
884 2190 1080 2271 argumenta
1096 2175 1173 2275 qui-

58 2287 125 2365 bus
140 2290 369 2364 innitebantur
381 2315 457 2363 esse
472 2289 599 2362 nullius
615 2289 743 2362 roboris
758 2305 823 2363 eta
837 2289 935 2362 nobis
949 2291 1106 2389 superius
1126 2316 1173 2363 re

60 2404 168 2480 tutata
186 2407 275 2500 (ld).
288 2406 418 2480 Etenim
441 2430 550 2504 neque
563 2431 603 2477 er
617 2404 797 2478 Theodosii
815 2403 888 2502 lege
904 2420 1020 2479 contra
1036 2405 1172 2503 nuptias

58 2521 357 2608 consobrinorum,
386 2520 428 2594 de
454 2547 523 2619 qua
542 2546 591 2592 ss.
607 2519 828 2607 Ambrosius,
848 2538 882 2593 et
897 2519 1106 2618 Augustinus
1124 2517 1172 2592 lo-

58 2650 227 2735 quuntur;
256 2662 366 2736 neque
390 2662 430 2709 ex
458 2634 535 2708 aliis
562 2635 798 2733 imperatorum
825 2635 981 2733 legibus,
1007 2662 1116 2735 neque
1132 2662 1172 2709 ex

59 2751 133 2824 iure
161 2768 262 2850 atque
294 2751 406 2825 officio
441 2751 657 2851 promovendi
684 2750 809 2825 bonum
837 2751 1029 2851 publi'cum,
1061 2750 1172 2851 publi-

58 2891 201 2965 camque
231 2867 466 2954 honestatem
495 2893 604 2967 neque
628 2892 668 2940 er
693 2867 771 2941 aliis
800 2867 956 2967 superius
981 2865 1092 2941 allatis
1122 2894 1172 2940 ar-

50 2981 229 3085 gumentis
250 2980 427 3055 conficitur
445 2981 613 3080 principes
631 2981 838 3080 quicumque
851 2981 985 3054 demum
1000 2979 1083 3066 siut,
1099 2980 1171 3054 sive

60 3094 215 3170 infideles
232 3097 305 3169 sive
322 3094 458 3183 fideles,
478 3096 673 3169 auctoritate
690 3094 758 3168 sibi
779 3094 961 3192 originaria
981 3108 1015 3166 et
1034 3094 1170 3193 propria
1210 3091 1214 3098 ’

58 3235 174 3285 revera
203 3210 443 3310 impedimenta
473 3209 722 3283 matrimonium
752 3200 945 3304 dirimentia
969 3208 1170 3281 constituere

58 3350 186 3423 posse;
214 3326 367 3425 adeoque
399 3324 508 3398 dicam
533 3350 591 3397 eos
618 3323 791 3420 theologos
818 3348 858 3396 ac
883 3322 967 3395 iuris
992 3322 1170 3423 utriusque

58 3440 183 3539 peritos
208 3441 403 3515 huiusmodi
430 3440 619 3540 principum
645 3439 698 3512 ius
722 3439 891 3512 affirmare
916 3439 1078 3539 quidem,
1107 3438 1168 3512 sed

57 3581 124 3628 nou
146 3555 299 3654 probare.
321 3558 392 3630 lmo
413 3555 535 3629 addam
554 3555 691 3628 eosdem
709 3553 811 3628 simul
827 3580 903 3627 cum
921 3553 986 3628 hac
1003 3554 1169 3628 sententia

56 3669 101 3742 de
125 3670 198 3743 iure
227 3672 417 3769 principum
443 3670 631 3744 infidelium
657 3669 725 3769 alio
749 3670 930 3756 docuisse,
958 3696 1046 3769 quae
1071 3694 1168 3742 nemo

56 3783 245 3860 catholicus
263 3784 326 3860 hac
344 3800 452 3860 aetate
479 3784 619 3883 probare
644 3799 767 3883 posset.
790 3784 875 3857 Data
891 3785 980 3856 enim
998 3783 1102 3858 semel
1119 3784 1167 3856 in·

127 4057 179 4121 (ta)
194 4059 339 4109 cuiusmodi
355 4062 414 4112 suut
432 4061 556 4124 quotquot
570 4060 722 4123 principibus
744 4059 872 4110 vindicent
890 4061 1035 4123 potestatam
1057 4061 1107 4112 iltis
1123 4072 1164 4110 m·

54 4139 145 4199 titum,
165 4139 290 4202 proprium
305 4141 380 4203 etque
395 4139 552 4202 originariam
568 4138 734 4191 constituendi
755 4138 927 4203 impedimenta
943 4137 1097 4204 dirimentis,
1120 4139 1164 4189 etsi

10 4208 12 4215 ’
54 4216 175 4268 tatemtur
191 4217 276 4268 aedem
291 4233 357 4269 nunc
370 4219 407 4269 uti
422 4232 471 4269 non
487 4231 572 4282 possa,
589 4232 700 4282 quosque
717 4218 829 4282 superius
845 4219 1018 4271 recensuimus.

125 4298 176 4360 (tc)
192 4299 253 4361 cup.
265 4300 300 4349 11.
311 4301 358 4350 art
374 4307 394 4350 1.
407 4301 432 4349 et
445 4306 468 4350 t.

137 4376 162 4432 ll
1066 4387 1101 4436 ³0
1122 4411 1124 4415 .
