2804 5062
153 347 219 419 tao
343 368 404 419 ιιι.
426 367 462 419 ιι.
478 351 570 419 'saon
592 365 721 418 ιιιιιι.
742 366 783 417 ιι
804 364 929 417 ιοιιιι.
950 364 1062 417 mmm.

147 513 226 561 nam
243 485 355 586 quoad
372 484 486 561 seoula
501 484 713 585 insequentia
725 480 895 558 anemine
908 483 1089 559 existentia
1105 481 1252 558 eiusdem

118 642 121 647 ’
146 601 273 677 externi
297 599 517 675 ecelesiastici
543 599 606 674 lori
631 598 703 672 iure
726 598 762 671 in
785 596 928 673 dubium
951 599 1105 673 reuocari
1131 613 1252 700 potest,

147 717 183 790 in
199 740 269 816 quo
283 741 406 790 musae
426 740 486 789 eae
508 713 599 789 omni
620 738 709 813 quas
729 713 920 788 neeessaria
935 730 989 788 est
1004 713 1206 788 auctoritate
1220 737 1256 787 ae

145 830 355 930 soemliiaie,
366 855 469 929 qum
484 841 624 917 uocant,
639 853 708 901 una
723 852 800 901 eum
816 827 966 903 ooaetim
981 827 1173 903 sententiae
1188 852 1257 901 exe·

147 943 280 1018 cutione
303 943 480 1017 discussae
504 957 584 1015 sunt
603 966 644 1015 ae
663 939 830 1015 iudicatae
853 943 967 1038 (iei);
989 938 1052 1015 sed
1071 956 1255 1041 praeterae,

146 1074 184 1133 ut
207 1058 375 1146 diximus,
401 1057 486 1131 haee
510 1055 691 1131 adversarii
717 1055 859 1131 assertio
883 1072 937 1132 est
952 1056 1165 1130 loemiiooli‘s
1180 1055 1257 1156 qnia

145 1173 276 1274 impetit
300 1173 356 1248 ius
379 1171 422 1246 de
445 1172 513 1246 lide
536 1186 703 1246 assertum
726 1171 892 1246 adsersus
917 1169 1108 1245 llarsilium
1129 1171 1258 1246 Patari-

89 1287 91 1291 ‘
146 1314 252 1376 num,
280 1303 315 1362 et
337 1288 494 1363 loannem
520 1287 707 1361 landunum
725 1313 746 1361 a
762 1288 888 1362 loanne
903 1286 1008 1360 xxii.
1022 1287 1086 1387 qui
1106 1285 1256 1387 ipsorum

145 1401 393 1477 erroremeirea
406 1416 602 1500 potestatem
614 1399 800 1476 ooaetivam
811 1399 975 1476 ecelesiae
986 1400 1024 1473 in
1036 1399 1112 1475 loro
1124 1415 1258 1475 externo

147 1533 185 1592 ut
209 1518 366 1591 ommim
388 1515 581 1604 damnauit,
601 1532 639 1591 ut
654 1531 841 1591 consistes
858 1514 1005 1590 recitatis
1030 1515 1109 1590 eius
1135 1513 1257 1590 eonsti-

148 1629 286 1705 tutionis
303 1628 430 1704 verbis.
446 1629 607 1729 llaneque
632 1630 784 1703 eamdem
809 1629 988 1704 haereseos
1006 1644 1124 1704 notam
1141 1627 1257 1704 adver·

146 1769 205 1819 ιιιι
230 1742 385 1819 eumdem
410 1767 554 1818 errorem
579 1742 704 1818 inussit
728 1743 809 1817 Pius
832 1742 886 1816 vi.
907 1742 944 1817 in
960 1758 1074 1819 oonst.
1090 1744 1257 1817 duetorem

144 1858 223 1957 fidei
233 1857 400 1963 ⁴aduersus
417 1857 655 1958 pistorienses,
670 1858 753 1958 quin
767 1882 905 1938 neeesse
920 1857 966 1933 sit
980 1857 1103 1933 eadem
1121 1857 1252 1933 referre.

82 2068 84 2073 Ι
218 1971 315 2045 Nune
338 1995 416 2045 vero
435 1971 527 2070 quod
549 1970 666 2049 attinet
689 1970 733 2044 ad
757 1971 946 2070 amageriem
961 1971 1254 2053 ooneeeutionum,

145 2086 193 2159 uti
215 2085 434 2173 neamus,
453 2113 541 2185 quas
560 2086 775 2161 aduersarius
800 2086 1080 2185 argumentationi
1100 2110 1188 2161 snae
1203 2110 1255 2160 sn·

147 2200 349 2300 perstruxit,
376 2203 574 2275 senterius
599 2227 640 2275 ex
665 2226 706 2275 ea
731 2200 894 2290 deduxit,
921 2203 1006 2277 satis
1038 2217 1095 2277 est
1124 2199 1252 2301 anelysi

143 2315 320 2402 instituta,
348 2316 422 2389 eius
448 2315 691 2415 paralogismos
717 2317 883 2415 detegere.

219 2431 349 2503 Primus
376 2429 622 2530 paralogismus
651 2449 720 2520 est,
747 2459 788 2507 ex
813 2447 927 2506 nostra
950 2430 1122 2520 doctrina,
1150 2430 1256 2505 idest

144 2572 183 2616 ox
208 2546 360 2619 doctrina
385 2544 567 2633 catholiea,
596 2546 693 2647 sequi
711 2547 755 2621 ob
773 2546 947 2646 paritatem
974 2546 1139 2635 rationis,
1161 2569 1255 2647 posse

145 2658 322 2732 ecelesiam
349 2685 385 2731 se
412 2659 600 2733 immiscere
632 2661 667 2732 in
696 2660 852 2734 omnibus
886 2660 1141 2747 contractibus,
1179 2660 1255 2760 quie

144 2774 230 2847 ethi
248 2773 474 2846 conscientiae
495 2774 628 2848 obnoxii
655 2791 752 2863 sunt,
773 2776 869 2849 ouius
887 2774 1089 2848 moderatrix
1114 2775 1254 2848 ecelesia

145 2906 208 2964 est.
233 2890 353 2988 Utique
379 2916 501 2964 causae
526 2906 753 2965 contractuum
771 2890 895 2965 iudicio
912 2890 1075 2965 ecelesiae
1092 2890 1252 2975 subsunt,

147 3030 223 3077 cum
249 3003 358 3099 agitur
384 3002 426 3075 de
451 3003 584 3090 ethica,
613 3031 673 3077 seu
699 3003 814 3079 morali
842 3021 898 3078 aut
923 3003 1088 3078 immorali
1124 3004 1254 3078 illorum

147 3135 285 3205 natura,
314 3144 375 3191 seu
401 3118 528 3192 ratione
553 3118 781 3207 discutienda,
803 3146 879 3193 cum
896 3118 1038 3195 ecclesia
1059 3145 1128 3195 non
1145 3127 1254 3192 minus

146 3236 190 3307 sii
214 3234 375 3330 magistra
394 3233 427 3305 in
446 3232 563 3307 ordine
580 3233 622 3306 ed
640 3234 739 3308 fidem
762 3260 862 3335 qnam
881 3234 1050 3316 inordina
1068 3233 1114 3308 ad
1132 3261 1250 3309 mores.

215 3458 280 3522 (iot)
295 3460 321 3508 si
338 3460 394 3522 quis
413 3459 494 3523 capiat
509 3460 568 3510 lraec
584 3459 729 3510 documenta
745 3473 833 3523 magna
855 3460 926 3524 eopia
942 3461 1046 3527 reperire
1063 3459 1138 3512 adeat
1158 3460 1254 3513 Bianehi

144 3553 184 3602 op.
197 3538 239 3589 eit.
252 3543 313 3589 torn.
323 3539 366 3588 lii.
379 3539 424 3589 lib.
436 3542 456 3589 Ι.
468 3553 522 3602 cap.
536 3547 558 3589 ι.
571 3539 594 3602 §.
604 3547 626 3590 2.
640 3552 664 3590 n.
682 3545 776 3604 iseqq.
791 3541 832 3590 ubi
849 3541 923 3591 etiam
939 3543 1048 3604 egregius
1066 3543 1156 3591 auctor
1172 3539 1255 3591 refellit

144 3618 282 3681 Morinum,
294 3619 337 3681 qui
347 3619 372 3668 in
384 3619 472 3682 insigni
482 3632 555 3681 opere
565 3622 603 3669 De
612 3617 762 3669 administr.
775 3632 888 3670 samma.
895 3623 1086 3684 poenitentiae,
1099 3620 1253 3671 lib.v.n.2e.

143 3700 209 3747 totus
225 3697 251 3746 in
267 3710 296 3748 eo
312 3698 362 3760 est,
379 3699 519 3748 uterimei
534 3710 577 3761 per
592 3698 663 3760 plura
684 3699 768 3748 secula
789 3712 838 3750 non
854 3699 929 3750 inisse
944 3700 970 3748 in
985 3699 1090 3751 ecelesia
1114 3699 1255 3751 dameam

142 3775 223 3828 iorum
240 3777 366 3826 externum
380 3779 405 3825 et
418 3776 681 3826 sententiosumaioro
693 3778 788 3827 interno
798 3790 826 3827 ec
837 3776 1014 3841 poenitentiali.
1023 3778 1062 3828 Cf.
1073 3779 1134 3829 item
1144 3780 1252 3829 temti.

143 3854 186 3904 lib.
200 3857 231 3905 il.
244 3869 299 3918 cap.
312 3860 336 3904 4.
345 3855 368 3919 §.
383 3863 392 3905 1
410 3868 480 3919 seqq.
490 3855 533 3905 ubi
545 3855 663 3906 adversus
675 3856 802 3907 Giannone
811 3871 841 3907 ex
853 3857 1092 3908 constitutionibus
1107 3857 1252 3923 misticis

142 3931 250 3982 ostendit
266 3932 377 3983 ordinem
392 3946 466 3996 quem
485 3934 566 3985 tenuit
577 3936 733 3998 servastique
747 3936 851 3986 eeclesia
864 3936 889 3986 in
900 3935 1032 4000 puniendis
1044 3935 1250 4000 delinquentium.

145 4010 184 4061 ci.
201 4011 274 4061 etlam
290 4014 410 4063 idamaelri
429 4027 470 4076 op.
487 4014 531 4064 eit.
544 4015 594 4064 Dei
613 4014 705 4065 diritto
728 4015 809 4066 libero
827 4015 900 4066 delio
917 4016 1017 4079 caiae,
1030 4019 1092 4068 ient
1104 4019 1136 4068 ti.
1148 4020 1212 4083 part.
1222 4018 1249 4067 ii.

149 4102 203 4154 pag.
219 4095 261 4140 127
273 4104 342 4156 seqq.
353 4092 400 4143 Sed
410 4093 477 4156 quod
491 4094 568 4156 magis
579 4094 609 4144 ad
622 4107 673 4145 rem
685 4096 743 4145 iacit
757 4094 873 4146 adversus
886 4098 980 4158 Nuytr,
992 4096 1025 4146 oi.
1038 4097 1159 4160 Binglnm
1173 4099 1251 4148 ando

146 4182 197 4220 rem
210 4171 382 4300 prote's'tpn'tffiem
391 4175 489 4234 orteia.
501 4187 548 4225 tert
562 4177 686 4238 antiquit.
699 4175 840 4226 ecclesiast
854 4176 903 4227 vol.
917 4179 948 4226 ΙΙ.
956 4176 999 4227 tib.
1007 4178 1038 4227 V.
1049 4175 1073 4238 §.
1084 4181 1108 4226 t.
1119 4179 1145 4228 et
1156 4189 1247 4227 rossan

145 4253 204 4298 tom.
219 4252 259 4298 ix.
283 4252 288 4299 i
310 4290 314 4299 .
350 4254 403 4302 xil.
415 4264 469 4315 cap.
485 4255 513 4301 V.
