2804 5062
322 394 392 448 cur.
409 394 433 447 1.
451 392 525 447 aar.
543 393 615 447 ross
633 393 760 449 norror.
782 394 905 450 cruris.
923 397 994 451 aar.
1015 401 1039 451 r.
1166 380 1236 454 ata

127 530 183 591 aut
208 540 372 615 personas
396 513 564 615 denique,
595 532 693 615 prout
719 532 799 593 sunt
822 518 1083 609 contrahentes,
1111 519 1238 598 nullius

126 630 225 731 plane
245 630 374 706 roboris
397 657 437 706 ac
459 631 584 706 valoris
603 648 717 721 erunt,
737 649 854 733 utpote
869 633 913 707 ab
931 633 1107 734 illegitima
1124 655 1240 715 aucto·

125 747 221 822 ritate
241 746 348 836 latae,
375 764 476 849 atque
495 764 587 823 extra
604 747 771 825 obiectum
790 749 963 849 proprium
987 768 1161 850 uagantes.

194 864 311 939 Restat
333 864 455 963 igitur,
481 880 519 938 ut
541 864 641 938 unice
666 866 844 940 conveniat
867 865 1055 941 auctoritati
1082 866 1239 968 pohticae

125 995 274 1080 potestas
293 981 459 1066 circaea,
479 1007 566 1082 quae
583 981 772 1056 extrinseca
791 981 939 1056 diximus
964 983 1132 1059 connuhio
1148 983 1235 1084 ipsi,

125 1122 162 1172 ac
188 1097 360 1199 pertinent
384 1097 426 1171 ad
451 1098 548 1173 cirile
574 1098 749 1173 iudicium.
767 1099 851 1173 Eius
868 1100 1002 1198 generis
1018 1116 1100 1175 sunt
1115 1125 1239 1176 causae

125 1212 230 1302 dotis,
251 1230 353 1314 atque
377 1213 615 1303 haereditatis,
645 1214 724 1288 item
749 1215 995 1304 successionis,
1017 1215 1238 1293 admissionis

125 1344 178 1405 rut
194 1328 403 1406 exclusionis
421 1329 465 1403 eb
482 1330 603 1406 officiis
622 1356 662 1406 ac
679 1330 806 1405 muniis
823 1330 970 1432 publicis
990 1347 1050 1408 aut
1073 1333 1234 1433 privatis,

125 1443 369 1544 illegitimitatis
385 1446 491 1546 prolis
509 1447 543 1520 in
561 1447 633 1522 loro
650 1446 762 1535 civili,
782 1447 939 1549 aliaeque
949 1449 1134 1537 eiusmodi,
1150 1474 1239 1549 quae

125 1560 153 1634 in
177 1560 356 1636 codicibus
380 1563 650 1664 uniuscuiusque
675 1564 805 1662 gentis,
828 1565 941 1663 regni,
965 1580 1024 1659 aut
1044 1564 1238 1665 provinciae

125 1692 336 1779 reperiuntur
359 1695 393 1753 et
417 1679 641 1753 continentur.

193 1793 276 1866 llari
302 1794 472 1868 enimuero
497 1808 641 1893 possunt
674 1792 846 1892 legitimae
870 1818 995 1868 causae
1019 1793 1064 1868 ob
1088 1819 1175 1895 quas
1199 1794 1236 1869 in

125 1907 350 2008 peculiaribus
377 1910 548 1984 societatis
578 1910 748 1984 adiunctis
778 1908 923 1984 debeant
946 1935 967 1984 a
990 1909 1153 2009 regimine
1178 1934 1236 2012 po

125 2023 213 2100 litico
230 2051 272 2098 ac
288 2025 438 2100 humano
456 2025 648 2123 legislatore
664 2024 846 2126 improbari
864 2051 1002 2101 suorum
1023 2025 1236 2101 subditorum

125 2139 278 2241 nuptiae,
306 2166 394 2240 quae
421 2139 573 2241 alioquin
598 2166 660 2240 per
682 2166 721 2215 se
746 2140 858 2215 licitae
881 2165 922 2214 ac
946 2138 1117 2238 legitimae
1140 2155 1232 2216 sunt.

125 2252 308 2328 domuere
330 2254 475 2329 ecclesia
503 2255 667 2329 rationem
699 2254 825 2330 habere
854 2253 975 2330 debeat
1005 2254 1235 2333 uniuersitatis

125 2367 265 2445 hlicrnm
293 2396 450 2459 suorum,
471 2387 571 2472 atque
596 2371 791 2445 abstrahere
808 2368 946 2444 amalis
970 2395 1032 2444 seu
1055 2369 1235 2447 incommo-

125 2484 175 2559 dis
201 2485 488 2574 accidentalibus,
521 2501 559 2559 ot
583 2486 650 2560 dici
674 2484 779 2573 solet,
808 2484 910 2560 huius
933 2482 987 2560 vel
1008 2484 1101 2560 illios
1126 2485 1236 2585 regio-

125 2602 191 2688 nis,
221 2601 324 2676 huius
350 2602 531 2677 alteriusve
555 2602 687 2700 gentis,
715 2627 803 2703 quas
827 2626 945 2677 omnes
969 2600 1095 2704 pariter
1110 2627 1175 2679 suo
1196 2603 1232 2677 in

125 2717 246 2815 gremio
278 2717 530 2818 complectitur;
563 2742 639 2791 cum
672 2735 845 2818 praeterea
870 2717 1015 2793 ecclesia
1039 2717 1235 2796 abstrahere

125 2831 276 2906 debeata
293 2849 480 2933 temporum
504 2832 685 2920 varietate,
710 2830 754 2906 ad
778 2857 866 2933 quae
892 2832 1007 2907 omnia
1030 2832 1133 2909 etiam
1157 2858 1235 2909 sese

125 2946 289 3035 extendit,
326 2973 466 3021 necesse
496 2963 549 3021 est
572 2963 610 3021 ut
635 2946 767 3045 legibus
802 2946 1015 3045 generalibus
1049 2947 1235 3048 prospiciat

125 3062 269 3136 amnium
293 3063 441 3137 liliorum
466 3089 603 3137 suorum
626 3061 737 3149 bono,
762 3061 931 3163 quidquid
956 3063 1001 3137 sit
1024 3061 1068 3136 de
1091 3061 1232 3162 speciali

125 3195 175 3253 sut
198 3178 361 3280 peculiari
388 3177 504 3279 aliquo
530 3178 768 3265 incommodo,
800 3176 891 3276 quod
917 3202 958 3251 ex
983 3201 1230 3277 personarum,

125 3293 266 3367 locorum
284 3319 325 3366 ae
342 3310 529 3393 temporum
551 3291 778 3393 peculiaribus
802 3290 971 3366 adiunctis
988 3316 1158 3390 emergere
1174 3315 1233 3391 pc-

125 3409 203 3483 erit.
220 3409 297 3483 Suis
316 3410 474 3482 nimirum
492 3408 624 3508 legibus
642 3407 786 3482 ecclesia
803 3405 971 3481 communi
991 3430 1032 3479 ac
1048 3404 1231 3481 universali

125 3525 220 3600 otius
241 3524 447 3599 christianae
469 3525 639 3600 societatis
665 3522 840 3599 commodo
864 3547 904 3596 ac
927 3520 1063 3598 utilitati
1081 3546 1159 3598 sese
1174 3548 1232 3599 ac·

125 3640 331 3716 »mmodare
357 3641 466 3715 dehet.
492 3642 554 3715 Est
578 3641 667 3714 enim
692 3638 881 3713 communis
907 3652 1014 3711 mater
1037 3661 1078 3713 ac
1102 3637 1226 3714 nutrix.

125 3755 270 3831 lttamen
297 3757 368 3830 lieri
393 3757 511 3856 utique
536 3772 664 3857 potest,
690 3771 729 3828 ut
752 3752 933 3829 nonnullae
959 3752 1126 3853 nuptiales
1150 3779 1231 3828 con-

126 3873 306 3948 nectiones
331 3874 365 3945 in
391 3872 597 3973 quibusdam
628 3871 821 3969 regionibus
848 3870 882 3942 in
915 3868 1149 3943 detrimentum
1176 3894 1231 3944 ce-

125 3989 197 4064 lant
223 3989 416 4076 societatis,
453 3988 542 4061 mala
571 3988 729 4087 pariant,
758 3986 1038 4086 gravissimisque
1061 3985 1229 4060 interdum

125 4105 340 4179 ncommodis
356 4103 521 4178 obnoxiae
538 4103 617 4177 sint.
636 4102 721 4176 Hinc
740 4117 902 4199 coguntur
918 4098 1127 4198 legislatores
1145 4127 1230 4177 uon-

125 4219 209 4295 rulla
234 4219 450 4295 connubialia
477 4218 631 4305 foedera,
660 4217 771 4317 quoad
790 4216 863 4291 eius
882 4215 954 4289 fieri
972 4231 1102 4318 potest,
1125 4216 1230 4319 impe·

125 4335 207 4424 lire,
242 4335 454 4436 improbare,
488 4333 661 4432 illegitima
695 4332 874 4409 decernere
898 4348 932 4407 et
956 4348 1072 4409 contra
1103 4347 1229 4411 statute
