2804 5062
144 381 190 453 ll
394 401 455 454 ιιι.
472 401 507 453 ιι.
525 401 610 452 secr.
628 401 651 451 ι.
668 400 708 451 ιι
725 398 852 452 rorssr.
870 397 997 451 necess.

143 538 180 596 ut
195 520 299 622 aliqui
318 519 448 607 volunt,
464 517 636 593 Paschalis
651 518 693 590 ll.
711 542 750 593 ac
768 516 948 592 Alexandri
962 515 1039 604 lll.,
1059 516 1249 616 reperimus

144 637 233 711 h'nnc
262 661 422 735 canonem
454 635 618 724 sancitum
653 635 687 706 in
717 633 861 708 concilio
884 631 1127 721 vermeriensi,
1156 632 1247 735 quod

144 779 199 826 an.
230 755 313 825 742.
343 751 405 826 luit
429 749 655 825 celebratum:
688 750 759 822 «ln
784 749 879 826 tertio
903 774 992 848 genu
1019 753 1106 845 (seu
1131 765 1171 824 ut
1193 748 1251 823 alii

143 865 256 964 legunt
279 866 447 965 peniculo,
477 891 598 966 nempe
613 864 826 964 generatione
850 880 910 939 eut
925 864 1056 964 gradu)
1078 865 1249 940 coniuncti

143 997 357 1080 separentur,
386 997 419 1055 et
444 996 522 1081 post
538 980 776 1080 poeniteutiam
793 997 921 1069 actam,
943 981 973 1055 si
997 981 1044 1055 ita
1060 978 1248 1070 voluerint,

141 1094 309 1170 licentiam
333 1093 480 1170 habeant
513 1093 589 1168 aliis
614 1121 652 1169 se
684 1095 896 1193 coniungere.
926 1095 964 1167 ln
990 1110 1112 1196 quarta
1139 1110 1251 1169 sutem

143 1209 400 1300 coniunctione,
427 1208 457 1285 si
481 1209 608 1284 inventi
626 1208 765 1297 luerim,
787 1233 846 1283 eos
864 1233 931 1283 non
949 1234 1168 1310 separamus,
1189 1209 1250 1284 sed

144 1322 379 1423 poenitentiam
403 1323 454 1399 eis
480 1322 673 1398 indicimus.
702 1323 854 1398 Attamen
881 1324 911 1398 si
933 1324 1057 1399 iactum
1085 1348 1153 1399 non
1179 1325 1252 1398 lue·

143 1438 210 1527 rit,
237 1438 364 1512 nullam
387 1437 576 1512 facultatem
601 1437 827 1536 coniungendi
844 1437 879 1511 in
897 1454 1017 1539 quarta
1033 1437 1251 1536 generatione

143 1552 263 1628 damus
291 1555 379 1651 (22).
398 1584 416 1624 ι
438 1554 488 1628 Ει
514 1577 581 1654 quo
593 1553 730 1654 quidem
745 1578 873 1628 canone
891 1552 1177 1655 deprehendimus
1195 1552 1250 1651 egi

143 1669 186 1744 de
209 1667 461 1770 dispensatione
486 1668 521 1741 in
546 1669 702 1767 coniugio
725 1670 791 1742 iam
818 1684 986 1744 contracto
1006 1694 1083 1743 eum
1111 1668 1252 1770 impedi·

142 1799 252 1858 mento
270 1783 304 1884 in
321 1799 440 1884 quarto
457 1782 666 1881 cognationis
684 1784 809 1882 gradu,
829 1782 926 1856 firma
943 1797 1160 1885 permanente
1177 1781 1250 1882 lege

142 1898 254 2000 quoad
278 1899 434 1998 coniugia
457 1898 698 1974 contrahenda.

216 2012 391 2101 Quadam,
420 2027 456 2086 ut
478 2011 526 2088 ita
554 2012 693 2114 loquar,
721 2013 988 2089 dissimulatione
1010 2038 1093 2088 usos
1119 2012 1185 2087 hac
1215 2013 1251 2086 in

146 2152 181 2201 re
206 2154 282 2203 esse
305 2128 589 2231 deprehendimus
605 2130 808 2230 episcopos,
832 2130 912 2203 dum
930 2128 1083 2204 Conrado
1104 2128 1252 2230 impera-

144 2241 205 2317 tori
224 2242 454 2331 indulserunt,
471 2258 509 2317 ut
525 2243 698 2340 coniugem
724 2244 881 2319 retineret
906 2271 992 2345 quae
1009 2243 1040 2318 ei
1053 2243 1167 2319 affinis
1181 2258 1253 2319 erae

143 2359 178 2430 in
204 2357 354 2432 seeundo
378 2356 509 2456 gradu,
538 2357 601 2431 etsi
627 2358 721 2458 prius
747 2358 849 2433 huius
874 2359 1022 2458 coniugii
1054 2357 1252 2433 dissolutio-

107 2498 109 2509 *
143 2499 217 2548 nem
244 2474 495 2573 praecepissent
514 2475 602 2570 (23).
632 2474 724 2546 Idem
750 2475 889 2572 contigit
912 2473 1022 2576 quoad
1055 2474 1250 2572 coniugium

142 2589 273 2662 comitis
296 2588 429 2662 Antonii
454 2588 625 2677 llainerii,
647 2590 706 2690 qui
732 2615 770 2663 se
794 2590 1009 2690 copulaverat
1031 2615 1107 2663 eum
1126 2605 1251 2689 agnata

143 2729 206 2777 sua
232 2703 364 2777 comitis
390 2703 565 2778 cniusdam
597 2705 769 2779 Erimanni
800 2705 893 2793 filis3
927 2704 1122 2807 quodlicet
1151 2729 1252 2805 aegre

144 2818 242 2893 ierret
273 2817 439 2893 Gerardus
464 2819 644 2919 episcopus
665 2821 935 2908 cameracensis,
962 2835 1072 2894 tamen
1098 2820 1252 2922 episcopi

144 2934 178 3005 in
203 2932 344 3006 concilio
369 2934 558 3032 congregati
583 2935 614 3007 ei
633 2961 693 3033 pro
710 2935 798 3009 bono
823 2935 917 3037 pacis
933 2950 1113 3010 suasemnt
1138 2962 1183 3010 ne
1199 2934 1252 3009 ul·

143 3048 210 3122 lam
244 3047 309 3121 hae
333 3048 375 3121 de
404 3074 508 3122 causa
533 3048 689 3123 ilainerio
718 3049 905 3125 molestiam
937 3049 1093 3138 afferret,
1122 3047 1251 3152 quibus

143 3163 309 3238 Gerardus
334 3165 502 3264 acquievit
530 3166 618 3261 (il).

215 3281 335 3354 Verum
356 3280 502 3354 maxima
524 3281 618 3355 hisee
641 3281 675 3353 in
693 3282 806 3356 causis
824 3304 1034 3356 romanorum
1054 3281 1253 3380 pontificum

144 3397 325 3470 auctoritas
350 3397 481 3485 elucet,
511 3398 638 3498 quippe
667 3397 724 3497 qui
757 3422 822 3470 non
853 3382 955 3472 semel
987 3397 1249 3498 episcoporum,

144 3509 309 3582 interdum
334 3537 413 3585 vero
438 3529 471 3586 et
496 3513 714 3587 conciliorum
733 3512 985 3612 provincialium
1003 3511 1143 3586 nimiam
1169 3512 1254 3588 iaci·

142 3623 270 3697 litatem
286 3625 532 3716 cohibuerunt,
560 3654 599 3702 ao
621 3629 721 3702 nimis
749 3628 838 3702 leves
857 3627 1039 3703 sententias
1063 3629 1248 3717 irritarunt,

143 3766 185 3814 ne
200 3739 387 3840 disciplina
411 3758 634 3816 enervaretur.
663 3743 750 3818 Sene
767 3743 834 3819 duo
851 3743 993 3818 concilia
1010 3743 1252 3844 aquisgranen-

209 3955 259 4018 (ιι)
272 3956 334 4006 cnn.
352 3957 372 4006 l.
391 3955 590 4020 apndllardnin.
607 3959 673 4009 Aeto
685 3957 777 4009 conell.
790 3960 851 4009 torn.
863 3961 907 4010 ΙΙΙ.
921 3959 968 4010 eol.
984 3965 1052 4012 ιιιι.

209 4035 261 4096 (ιι)
276 4036 314 4087 el.
330 4037 488 4102 Rodulphum
504 4037 636 4089 Glnherutn
652 4039 678 4088 in
694 4038 769 4102 prael.
779 4039 810 4089 ad
826 4038 869 4090 lib.
883 4041 925 4090 lv.
941 4041 1124 4092 Historiarum
1133 4043 1178 4092 siti
1189 4043 1251 4093 ten·

138 4115 540 4256 m'rdlwggogpsgam
556 4120 695 4182 scriptores
711 4117 831 4168 francisci
848 4117 974 4169 buchesne
988 4120 1068 4170 Lutet.
1086 4117 1164 4170 Paris.
1181 4121 1249 4171 tell.

143 4354 180 4401 Du
209 4271 258 4334 (al)
275 4274 351 4324 Pwut
372 4274 444 4326 refert
463 4273 604 4327 saldericus
622 4275 648 4327 ln
673 4275 802 4329 σιιιιιιι
823 4279 998 4329 commoranti
1016 4277 1060 4330 tu.
1077 4278 1121 4330 111.
1143 4289 1190 4343 ιιι
1218 4277 1249 4329 x.

182 4352 220 4402 sci
239 4358 305 4405 1015.
362 4376 365 4383 ¹
