2804 5062
194 392 260 443 cll.
272 392 318 443 tl.
332 392 372 441 bs
385 393 481 443 ΙΑΤΙΙ.
493 363 704 443 nsssnstsslttt.
716 394 752 443 SE
766 393 826 443 vab
838 392 902 444 curt
913 392 1005 443 cern.
1019 391 1089 442 snt.
1099 391 1134 444 ll.
1181 371 1251 444 237

152 509 242 583 luerit
266 535 367 582 suum
394 509 564 583 decretum
591 510 815 610 publicatum;
845 510 994 610 alioquin
1020 510 1144 585 frustra
1161 510 1253 585 illam
1344 559 1345 563 =

150 624 373 698 conditionem
398 625 627 724 apposuisset.
663 627 836 699 Praeterea
866 625 899 698 id
928 626 1041 724 ipsum
1071 625 1257 701 luculenter

145 754 273 812 constat
297 764 339 812 ex
364 738 517 813 eiusdem
542 739 682 814 'concilii
715 740 881 827 historia,
910 757 947 814 nt
973 740 1135 814 vidimus.
1168 742 1256 838 Ergo

144 855 288 953 primum
316 855 381 928 boc
405 872 639 953 argumentum
665 855 905 928 eliminandum
931 871 994 928 est.
1100 866 1103 870 ’

210 968 308 1042 Nihil
333 995 412 1043 esse
428 969 472 1043 ab
490 969 675 1070 apostolica
693 971 774 1044 sede
793 969 858 1044 bac
876 970 919 1044 de
937 997 972 1044 re
989 971 1173 1046 universim
1196 970 1257 1046 de·

142 1084 292 1172 linitum,
314 1085 531 1160 verissimum
557 1101 628 1172 est,
657 1111 734 1159 cum
760 1085 925 1159 eiusmodi
949 1085 1145 1160 definitione
1170 1111 1257 1186 opus

141 1227 206 1275 non
232 1200 300 1289 sit,
321 1228 361 1276 eo
387 1201 462 1303 ipso
486 1201 577 1302 quod
603 1202 730 1275 iamdiu
756 1189 900 1302 abipso
925 1203 1153 1277 concilio'res
1186 1203 1258 1277 lue-

142 1315 183 1390 rit
206 1315 351 1391 definita
374 1317 521 1414 generali
547 1344 610 1391 suo
636 1317 785 1406 decreto,
816 1344 883 1417 quo
908 1344 1026 1392 omnes
1050 1318 1258 1392 indiscrimi-

143 1430 248 1505 natim
276 1431 456 1507 adstrinxit
479 1432 522 1506 ed
549 1432 750 1507 servandam
776 1433 916 1507 formam
940 1459 1017 1508 ase
1041 1435 1256 1509 constitutam

144 1546 176 1619 in
197 1546 426 1622 celebratione
445 1548 678 1645 coniugiorum
696 1548 760 1621 sub
775 1548 941 1623 nullitetis
960 1576 1080 1650 poena.
1098 1549 1259 1650 Adeoque

143 1680 174 1737 et
201 1661 270 1738 hoc
293 1663 479 1737 secundum
504 1680 739 1762 argumentum
765 1665 933 1738 eliminari
963 1666 1074 1740 debet.

215 1779 390 1852 Praesumi
407 1805 486 1854 vero
500 1805 567 1853 non
584 1805 686 1879 posse
703 1780 907 1879 apostolicae
926 1780 1018 1854 sedis
1036 1781 1108 1853 sive
1125 1805 1258 1878 expres·

146 1919 217 1967 sam
235 1894 310 1968 sive
328 1895 461 1968 tacitam
479 1894 727 1969 conniventiam
744 1893 878 1967 abunde
896 1894 1000 1994 liquet
1021 1921 1061 1968 ex
1079 1903 1254 1994 perpetua,

147 2009 233 2106 iugi,
257 2008 493 2108 constantique
507 2008 581 2084 eius
600 2008 720 2106 agendi
739 2008 879 2085 ratione.
897 2009 946 2080 llx
964 2034 1004 2082 ea
1021 2009 1109 2082 enim
1128 2023 1258 2081 constat

145 2139 213 2196 tum
231 2124 399 2221 negative,
425 2137 495 2196 tum
517 2125 677 2222 positive,
709 2148 892 2223 numquam
917 2123 1026 2222 ipsam
1050 2120 1253 2196 connivisse.

145 2238 305 2336 Negetive
317 2236 468 2336 quidem,
480 2238 562 2337 quia
574 2263 636 2312 nec
648 2264 752 2310 unum
771 2237 910 2337 proferri
929 2249 1038 2337 potest
1050 2234 1255 2334 exemplum,

146 2353 236 2454 quod
266 2370 375 2426 ratum
399 2352 478 2453 ipsa
502 2352 658 2427 habuerit
690 2353 884 2450 coniugium
916 2353 988 2426 sive
1011 2350 1055 2424 ab
1079 2349 1258 2424 haereticis

145 2470 232 2543 inter
257 2494 296 2543 se
320 2467 545 2556 celebratum,
575 2468 647 2543 sive
671 2469 811 2542 mixtum
841 2469 916 2541 sine
945 2468 1051 2541 lorma
1077 2464 1259 2540 tridentina

146 2585 267 2658 initum
292 2582 351 2656 nbi
373 2582 581 2684 publicatum
607 2583 709 2658 luerit
734 2583 868 2658 concilii
893 2583 1075 2658 decretum.
1093 2580 1255 2668 Positiue,

147 2717 181 2772 ut
202 2713 298 2799 patet
315 2726 355 2773 ex
372 2699 528 2773 omnibus
547 2698 828 2786 resolutionibus,
848 2724 937 2798 quae
953 2697 1051 2772 datae
1063 2713 1143 2771 sunt
1155 2695 1261 2770 sivea

148 2839 229 2887 rom.
244 2812 480 2914 pontificibus,
497 2813 568 2886 sive
580 2838 601 2885 a
614 2813 721 2886 sacris
734 2811 1049 2910 congregationibus
1062 2836 1082 2884 a
1095 2808 1255 2885 seellVl.

150 2957 258 3030 usqne
276 2927 321 3003 ad
339 2927 488 3003 medium
506 2927 658 3003 seculum
679 2929 767 3001 xlx.
785 2954 905 3029 nempe
921 2927 1053 3028 quoties
1070 2926 1105 2998 in
1123 2922 1260 3000 casibus

150 3043 410 3143 particularibus
436 3070 540 3143 snper
564 3043 619 3117 bis
643 3043 799 3117 consulta
824 3043 898 3117 luit.
921 3042 1049 3114 Exinde
1074 3038 1261 3113 contrariae

151 3160 336 3234 sententiae
361 3158 508 3256 theologi
533 3159 584 3233 sic
609 3159 719 3260 potius
747 3185 846 3232 snum
874 3159 1063 3231 instaurant
1087 3179 1261 3252 argumen-

151 3293 228 3348 tum.
253 3275 398 3362 Quando
416 3275 582 3349 contraria
600 3274 802 3372 legislatoris
819 3274 1043 3366 voluntasest
1060 3269 1257 3355 manifesta,

152 3419 209 3466 nec
233 3392 401 3489 benignae
431 3391 713 3493 interpretationi,
734 3407 771 3464 ut
788 3389 926 3463 evidens
951 3405 1002 3461 est
1027 3413 1067 3460 ac
1093 3401 1261 3485 receptum

152 3509 182 3579 in
208 3507 350 3582 materia
367 3507 405 3580 dc
429 3508 570 3606 legibus,
599 3507 693 3581 locus
719 3505 934 3606 relinquitur,
962 3530 1072 3603 neque
1097 3499 1262 3576 contraria

152 3622 358 3698 consuetudo
382 3623 451 3696 vim
478 3623 580 3696 ullam
606 3622 732 3695 habere
748 3621 856 3708 valet,
879 3635 992 3720 utpote
1012 3645 1087 3692 cum
1109 3616 1152 3688 ad
1170 3640 1258 3702 eam,

152 3756 185 3812 ut
209 3755 333 3838 potens
359 3739 405 3812 sit
429 3738 472 3811 ad
496 3738 723 3835 abrogandam
755 3737 893 3834 legem,
927 3733 1047 3807 tacitus
1077 3731 1195 3806 saltem
1229 3745 1263 3803 et

152 3852 271 3953 legalis
295 3853 499 3953 legislatoris
525 3879 710 3927 consensus
736 3852 780 3925 sit
806 3851 1017 3924 necessarius
1046 3850 1134 3943 (tt).
1161 3848 1262 3919 Porro

222 4024 275 4086 (57)
290 4023 330 4074 Ol.
341 4037 362 4073 s.
375 4024 462 4074 Thena.
477 4032 498 4074 t.
513 4031 535 4074 2.
547 4039 573 4088 q.
585 4029 624 4074 97.
637 4026 683 4074 art.
699 4032 721 4074 ³.
733 4022 764 4072 ad
778 4030 799 4073 ³.
810 4034 914 4072 necnon
925 4023 1013 4070 suarez
1023 4021 1061 4068 Dc
1073 4015 1224 4080 leotbuslllt.
1237 4019 1260 4066 7.

150 4116 203 4167 rap.
219 4109 256 4153 18.
268 4115 293 4151 n.
306 4109 345 4152 20.
356 4114 462 4165 quornm
475 4103 584 4165 vestigiis
597 4103 724 4153 inhaerent
740 4101 853 4152 doctores
864 4100 975 4164 plerique
985 4110 1078 4148 omnes.
1090 4096 1164 4146 Plora
1174 4095 1205 4146 de
1216 4094 1264 4146 boc

150 4183 273 4247 principio
292 4182 402 4232 invenies
413 4181 439 4231 in
451 4183 552 4233 Dissert.
566 4183 665 4232 Domin.
679 4182 769 4232 Turoni
784 4185 899 4231 ecclesa
915 4183 953 4229 De
965 4180 1051 4228 mente
1066 4190 1138 4228 conc.
1155 4175 1263 4227 trident.

149 4267 213 4327 part.
226 4263 259 4313 11.
273 4260 297 4326 §.
309 4267 332 4312 7.
343 4263 407 4313 inter
418 4263 496 4315 Foltc
509 4277 577 4315 sacr.
592 4276 711 4327 conqreq.
726 4261 831 4314 condltt
844 4261 910 4312 edita
920 4255 1265 4311 areverendiss.r.1).0arrt-

150 4343 228 4395 cbtnt.
240 4345 334 4395 nomae
347 4347 414 4395 ¹741.
