2804 5062
145 327 230 412 lto:
291 369 294 374 ι
336 345 779 407 amnemamnem
803 346 1064 400 normanno.
1176 350 1179 356 ·

163 535 173 541 ..
216 464 314 554 Quod
348 464 384 539 si.
404 463 580 539 Paschalis
602 464 650 550 ll.
671 464 960 566 dispensationem
988 465 1173 566 expetitam
1198 492 1253 540 uon

142 580 331 671 cpucessit,
353 605 420 655 non
446 604 487 651 ex
513 577 645 655 delectu
671 579 706 653 id
731 582 870 680 contigit
894 581 1128 671 auctoritatis,
1149 581 1210 657 sed
1226 607 1257 656 es

129 697 183 778 ¹oo
207 697 298 798 quud
324 693 525 772 iudicaverit
542 695 609 773 illis
628 696 663 769 in
680 695 851 773 adiunctis
869 725 936 774 non
954 725 1033 774 esse
1050 698 1256 786 faciendam

142 829 176 897 at
199 814 235 889 in
260 814 325 890 hoc
350 817 500 893 ostendit
524 812 754 890 auctoritatem
780 840 891 889 suam.

215 930 326 1032 Atque
350 931 435 1008 haec
460 929 652 1007 necessario
683 945 778 1003 crant
809 928 1008 1028 diligentius
1042 927 1262 1030 expendenda

143 1061 182 1121 ut
204 1045 289 1121 satis
314 1047 502 1121 faceremus
519 1047 650 1146 Nuytz‚
678 1043 738 1145 qui
757 1069 797 1118 eo
815 1042 900 1118 adeo
925 1043 1057 1119 abusm
1076 1059 1132 1119 est
1147 1043 1194 1118 ad
1209 1044 1262 1117 tri·

132 1153 315 1237 ›huendum
340 1161 632 1262 dispensationum
654 1160 708 1234 ius
733 1158 825 1234 cirili
852 1159 1024 1258 potestati.

216 1274 390 1353 Caeterum
411 1303 452 1351 en
473 1276 539 1352 hoc
565 1291 713 1377 tempore
731 1274 777 1350 ita
794 1273 937 1350 invaluit
957 1274 1045 1350 haec
1064 1273 1260 1376 disciplina,

144 1408 269 1467 utnon
295 1390 384 1466 aliae
407 1391 476 1466 lere
501 1390 742 1477 relaxationes,
771 1416 873 1491 ᾳιιιιιιι
893 1390 1052 1488 coniugio
1072 1390 1265 1491 praesicca

144 1531 228 1590 rom,
250 1502 465 1607 pontificibus
492 1504 672 1595 darentur,
700 1522 737 1580 ut
759 1521 892 1583 constat
914 1531 956 1579 ex
981 1532 1023 1580 ea
1049 1532 1160 1606 qnam
1184 1506 1266 1579 inse-

143 1620 260 1724 quenti
278 1620 392 1697 seculo
408 1621 624 1697 innocentius
644 1621 705 1695 lll.
721 1618 847 1696 Othoni
867 1619 919 1694 ll.
937 1620 1140 1720 imperatori
1158 1619 1262 1707 dedit,

144 1731 290 1839 aliisque
314 1763 402 1840 quas
431 1753 532 1812 antea
557 1737 800 1812 recensuimus.

217 1853 300 1930 lleic
321 1854 462 1955 proinde
479 1851 566 1927 radit
581 1867 835 1950 argumentum,
850 1851 941 1953 quod
954 1854 1002 1926 ita
1015 1850 1262 1926 instauramus:

146 1970 175 2055 si
191 1970 249 2052 aad
266 1971 391 2069 regiam
418 1969 670 2069 imperialemre
695 1983 893 2070 potestatem
912 1969 965 2043 ius
983 1966 1169 2042 relaxandi
1182 1967 1267 2067 leges

147 2085 398 2160 matrimonium
411 2086 607 2159 dirimentes
621 2100 800 2184 spectaret,
812 2085 896 2158 citra
909 2109 1008 2158 omne
1021 2082 1172 2158 dubium
1183 2084 1267 2184 prin·

147 2201 243 2304 cipes
269 2227 453 2303 numquam
478 2200 573 2300 passi
599 2199 745 2276 luissent
770 2199 945 2300 pontifices
969 2225 1133 2274 romanos
1161 2198 1268 2273 excla-

149 2315 225 2402 sira
249 2314 379 2398 ratione
406 2313 492 2389 illud
517 2313 583 2388 sibi
609 2314 799 2402 vindicare,
825 2330 927 2414 atque
950 2339 992 2389 eo
1016 2313 1075 2388 usi
1099 2313 1265 2399 luissent,

151 2431 357 2533 quaudoque
376 2432 412 2504 iu
429 2430 641 2505 subditorum
672 2431 838 2519 savorem,
863 2429 970 2506 multo
992 2456 1075 2505 tero
1101 2429 1214 2529 magis
1237 2429 1267 2502 in

151 2547 323 2648 proprium
355 2546 592 2632 commodum,
622 2561 771 2647 spectata
797 2546 977 2647 praecipue
1003 2573 1142 2620 summa
1171 2546 1267 2619 inter-

149 2663 231 2735 dum
255 2661 454 2737 difficulate
477 2663 598 2737 veniae
619 2688 640 2735 a
662 2660 879 2763 pontificibus
909 2661 1136 2749 obtinendae,
1165 2687 1269 2762 eaque

150 2804 218 2852 non
242 2805 318 2851 rara
343 2795 457 2878 aperte
483 2795 616 2875 negata.
637 2777 739 2878 Atqui
767 2796 877 2858 tamen
903 2804 1092 2878 numquam
1118 2804 1185 2851 nee
1214 2800 1268 2877 pro

149 2920 188 2968 se
217 2921 327 2994 neque
352 2920 414 2995 pro
445 2895 590 2969 subditis
613 2894 688 2968 suis
714 2894 881 2969 eiusmodi
903 2893 975 2968 iura
996 2894 1049 2968 usi
1072 2911 1156 2968 sunt
1182 2895 1269 2995 prins

150 3010 277 3111 cipes,
317 3009 378 3084 sed
413 3009 546 3110 quoties
578 3037 665 3110 opus
700 3009 793 3098 luit,
827 3010 870 3083 ad
903 3009 1127 3109 apostolicam
1158 3011 1267 3084 sedem

152 3125 324 3227 supplices
351 3125 484 3202 libellos
510 3125 687 3201 dederuut.
708 3125 858 3199 Evidens
883 3125 1066 3222 igiturest
1091 3151 1153 3200 eos
1172 3152 1269 3225 agno·

150 3242 242 3316 risse
267 3268 305 3315 se
331 3268 392 3315 nec
418 3242 471 3316 ius
497 3240 590 3315 istud
616 3239 799 3341 aliquando
824 3240 1001 3329 habuisse,
1030 3267 1096 3315 neo
1113 3240 1202 3316 illud
1223 3267 1269 3314 re·

150 3359 225 3455 giae
250 3359 440 3433 auctoritati
466 3358 655 3431 inhaerere.
677 3357 889 3431 Contrarium
908 3383 1095 3457 numquam
1118 3359 1270 3433 evincent

150 3474 222 3548 sire
246 3473 434 3561 launoius,
463 3474 535 3546 sive
553 3474 627 3548 eius
645 3473 799 3571 gregales
817 3489 916 3573 atque
936 3473 1168 3572 exscriptores
1190 3472 1269 3548 falso

150 3589 351 3665 cruditionis
378 3605 553 3691 apparatu.
695 3666 698 3673 ,

211 3706 325 3778 Restat
337 3705 451 3802 igitur,
462 3722 500 3777 ut
508 3705 537 3778 si
549 3731 637 3805 quae
650 3704 749 3777 datae
762 3720 841 3777 suut
855 3703 897 3776 ah
910 3704 1176 3802 imperatoribus
1186 3705 1269 3804 prin·

152 3818 352 3919 oipihusque
374 3821 569 3893 christianis
593 3820 813 3892 relaxationes
838 3819 882 3891 ad
905 3817 1055 3915 legitime
1083 3819 1266 3894 iucundum

151 3932 364 4032 coniugium,
386 3934 477 4008 aliud
495 3960 555 4007 eae
574 3960 640 4006 non
655 3934 836 4007 habuerint
850 3948 908 4005 aut
920 3931 1069 4004 habeant
1082 3933 1266 4018 obiectum,

152 4076 254 4149 quam
281 4050 521 4149 impedimenta
546 4049 679 4137 civilia,
709 4064 809 4150 atque
835 4048 952 4122 civiles
980 4073 1112 4147 poenas
1130 4076 1219 4150 quae
1239 4049 1268 4119 iu

153 4182 418 4263 transgressores
432 4165 543 4264 logum
556 4167 756 4239 constitutae
769 4181 864 4251 sunt;
877 4191 992 4237 rerum
1006 4163 1074 4236 hae
1090 4189 1269 4265 numquam

152 4280 321 4355 vinculum
349 4282 516 4379 attingunt
540 4280 629 4355 circa
647 4281 739 4381 quod
757 4280 873 4354 civiles
892 4280 983 4377 leges
1003 4279 1089 4352 nihil
1116 4296 1266 4382 possunt.
