2804 5062
203 384 270 438 car.
285 386 319 437 ιι.
333 384 374 435 ns
385 378 493 434 sores.
508 381 610 433 rssuc.
624 383 686 433 nn.
701 383 763 432 ors.
777 380 871 434 asra.
887 382 1092 435 cunienses.
1105 387 1127 435 ι.
1188 355 1257 436 3Ἶ5

219 507 253 576 3.
283 503 505 579 constitutum
532 502 639 573 luerat
659 499 732 598 lege
752 501 842 575 civili
860 503 955 600 (Leg.
980 504 1075 576 Unio.
1100 504 1139 576 de
1163 521 1262 603 raptu

154 619 303 719 ls'rps)ut
314 634 430 720 raptus
443 619 528 692 loret
539 617 814 716 impedimentum
824 634 1035 718 perpetuum,
1043 619 1136 692 nullo
1144 647 1264 720 quam-

146 736 270 809 amris
293 751 481 836 qsontanco
502 758 671 807 consensu
695 734 804 833 ipsius
831 750 946 833 raptae
971 733 1194 824 abolendum,
1221 754 1260 811 ut

145 851 338 948 coniugium
351 849 430 922 iniri
444 864 560 950 posset
574 865 741 948 raptorem
755 850 841 923 inter
854 867 887 922 et
900 866 1041 949 raptum,
1058 853 1107 923 uti
1122 867 1262 926 testatur

144 965 214 1038 Van
232 966 366 1066 llspen,
387 969 446 1067 qui
466 966 500 1038 id
519 965 649 1038 evidens
667 991 744 1039 esse
761 965 863 1053 dicit,
884 965 1054 1067 simulque
1065 967 1130 1041 hoc
1147 969 1260 1067 ipsum

144 1081 422 1180 impedimentum
448 1083 482 1154 in
508 1097 709 1181 perpetuum
734 1081 898 1155 dirimens
924 1081 1011 1155 inter
1036 1097 1202 1182 raptorem
1227 1088 1261 1156 et

144 1213 276 1297 raptam
293 1199 509 1271 constitutum
527 1197 704 1272 confirmat
728 1196 858 1294 legibus
885 1196 1076 1272 francorum
1096 1200 1185 1294 (tl).
1203 1199 1261 1272 Αι-

143 1327 258 1385 iamen
277 1312 494 1386 Innocentius
509 1314 568 1384 lll.
586 1312 695 1410 legem
713 1312 801 1385 hano
820 1313 980 1401 correxit,
998 1313 1155 1387 sanciens
1168 1314 1260 1413 quod

144 1426 278 1526 «Rapta
303 1425 416 1525 puella
441 1427 589 1525 legitime
613 1426 788 1499 contrahet
816 1452 892 1500 cum
925 1442 1078 1527 raptore,
1112 1429 1141 1502 si
1168 1429 1262 1527 prior

142 1540 317 1616 dissensio
333 1557 482 1615 transeat
498 1541 710 1643 postmodum
729 1543 764 1613 in
782 1567 1000 1616 consensum:
1018 1559 1051 1616 et
1072 1543 1164 1644 quod
1180 1561 1260 1618 ante

143 1648 340 1756 displicuit,
360 1657 495 1730 tandem
513 1657 653 1756 incipiat
670 1656 878 1756 complacare
898 1661 1013 1754 (55).»
1029 1659 1072 1732 Et
1082 1685 1123 1731 en
1139 1684 1259 1734 novam

146 1764 234 1871 legis
259 1771 369 1845 ciuilis
394 1771 673 1847 emendationem.

226 1889 258 1959 l.
274 1888 425 1971 Sanciuit
448 1881 559 1962 civilis
587 1886 660 1975 lex,
679 1912 724 1960 ne
739 1888 863 1961 viduae
881 1886 1063 1962 transirent
1078 1888 1122 1961 ad
1140 1913 1261 1962 secuu-

146 2002 213 2077 das
237 2004 374 2103 nuptiae
400 2004 488 2076 intra
504 2029 631 2076 annum
649 2030 670 2077 a
687 2020 794 2077 morte
809 2004 937 2093 mariti,
958 2021 991 2077 et
1007 2018 1180 2104 praeterea
1201 2030 1259 2079 eas

148 2139 239 2219 quae
263 2121 400 2219 nuptias
425 2119 512 2192 intra
538 2118 573 2190 id
592 2120 752 2218 temporis
770 2119 1016 2194 contraxissent
1032 2119 1160 2193 notavit
1176 2120 1262 2193 inla-

145 2233 234 2322 mia,
262 2232 408 2333 aliisque
428 2233 547 2332 poenis
565 2232 709 2306 subiecit
724 2234 814 2330 (leg.
834 2233 859 2304 l.
877 2249 910 2306 et
928 2234 970 2304 ll.
987 2233 1024 2330 ὃ.
1043 2235 1077 2304 1.
1096 2233 1131 2303 ii.
1144 2234 1193 2304 Dc
1214 2233 1264 2306 ιιι

146 2350 208 2449 qui
222 2362 378 2421 notantur
394 2349 545 2447 infamio.
564 2347 646 2420 Item
671 2346 737 2445 leg.
756 2349 782 2419 l.
799 2364 833 2421 et
845 2349 888 2418 li.
906 2347 1031 2421 codicis
1049 2347 1098 2418 De
1115 2346 1266 2420 secandis

146 2463 380 2563 nuptiis).dst
389 2463 544 2538 Urbanus
564 2462 623 2535 lli.
640 2479 673 2537 et
691 2463 905 2536 Innocentius
920 2463 978 2534 iil.
996 2463 1031 2534 in
1044 2488 1120 2562 cap.
1136 2463 1169 2534 i.
1182 2477 1215 2534 et
1228 2465 1261 2534 t.

148 2580 200 2657 De
216 2578 349 2659 amend.
366 2593 459 2680 nupt.
475 2577 583 2677 legem
608 2577 829 2651 emendarunt
854 2592 1038 2652 statuentes
1056 2577 1147 2677 quod
1158 2577 1263 2651 «Cum

147 2695 332 2796 Apostolus
357 2693 449 2768 dicat
464 2695 528 2789 (ait
544 2693 719 2792 Urbanus)
735 2695 855 2767 mulier
870 2696 942 2766 viro
954 2721 1011 2767 suc
1024 2710 1147 2769 mortuo
1160 2694 1268 2769 soluto

147 2825 198 2883 est
214 2835 236 2884 c
255 2811 321 2911 lcpe
337 2811 406 2884 ns'rs'
420 2812 489 2895 soi,
509 2813 546 2882 io
563 2809 691 2882 doms'no
708 2811 811 2883 cubet
829 2812 883 2882 coi
898 2812 1054 2883 coluerit:
1073 2835 1133 2911 per
1157 2810 1263 2884 licen-

149 3061 240 3111 not.in
249 3062 323 3125 epist.
337 3062 422 3112 Litlv.
434 3061 491 3112 libri
501 3063 543 3111 xl
555 3063 641 3125 ltaqoe
656 3074 713 3112 cnm
729 3063 880 3125 Augustinus
895 3063 1067 3127 interrogasset
1080 3077 1102 3114 s.
1114 3063 1265 3115 Ponutlcesr.

153 3144 261 3206 -usque
276 3141 308 3192 sd
323 3143 425 3205 quohm
439 3143 619 3206 generationem
635 3141 721 3193 ildeles
736 3140 841 3192 debeant
860 3155 916 3192 cnm
930 3143 1075 3207 propinquis
1089 3143 1136 3193 sibi
1155 3143 1268 3208 coningio

149 3221 290 3286 copulastis
303 3224 404 3286 ticeps.
414 3221 558 3284 Gregorius:
570 3222 717 3280 «Quaedam
728 3223 825 3271 terrena
834 3220 873 3271 lex
886 3219 911 3270 in
924 3233 1024 3270 romana
1035 3221 1158 3284 republica
1171 3223 1270 3286 permit·

150 3301 197 3363 tit,
209 3302 240 3351 ut
252 3299 306 3351 sire
322 3301 405 3352 lrairls
420 3302 473 3352 sire
487 3300 597 3364 sororis,
616 3314 658 3351 seu
676 3300 781 3351 duorum
801 3301 906 3351 fratrum
923 3312 1093 3363 germanorum
1109 3302 1150 3352 rel
1163 3300 1269 3354 duarum

150 3392 265 3432 morum
276 3381 342 3432 tillus
354 3385 380 3433 et
391 3382 442 3432 illia
457 3382 726 3432 misceantur....Sacra
742 3382 780 3431 lex
797 3381 911 3445 prohibet
925 3382 1078 3445 cognationis
1093 3383 1271 3446 turpitudinem

152 3463 272 3513 revelare.
285 3462 357 3513 {inde
371 3475 470 3514 necesse
488 3465 539 3526 est,
552 3465 581 3512 nt
595 3463 644 3512 iarn
662 3462 791 3513 tertiaret
804 3464 903 3526 quarto
914 3462 1038 3524 generatio
1048 3461 1157 3513 tideliora
1170 3462 1270 3515 licenter

151 3543 202 3594 sllsl
220 3543 288 3607 iungi
307 3542 402 3594 debest.
417 3545 479 3617 Nam
496 3543 613 3594 secundo
628 3556 703 3606 quam
719 3543 841 3606 dirinrns,
858 3555 876 3592 o
891 3555 918 3594 ss
933 3542 1080 3594 omnimodo
1096 3543 1172 3594 debet
1188 3544 1268 3595 obsti·

151 3626 302 3676 seramus
312 3624 344 3675 de
353 3637 404 3688 qna
418 3623 460 3674 hic
474 3625 586 3691 loquitur
599 3639 620 3676 s.
634 3624 766 3688 Gregorius
777 3625 844 3673 estat
856 3623 912 3673 cod.
930 3623 972 3674 lib.
983 3625 1013 3672 V.
1026 3624 1065 3673 tit.
1074 3627 1098 3673 ι.
1108 3625 1147 3673 De
1157 3625 1270 3687 nuptiis,

154 3716 224 3768 quae
241 3704 279 3755 est
299 3710 335 3755 le.
347 3707 373 3755 et
387 3705 423 3755 sic
439 3703 527 3754 habet:
544 3703 727 3754 «celebrandis
742 3704 805 3753 inter
820 3700 979 3753 consobrinus
994 3703 1156 3753 matrimoniis
1171 3702 1270 3753 licentia

152 3782 217 3847 legis
227 3783 302 3833 huius
311 3783 454 3834 minuente
464 3783 561 3834 indulta
571 3784 624 3847 est,
632 3788 660 3833 ut
669 3785 782 3833 revomis
792 3782 867 3846 prisci
878 3781 940 3832 ioris
949 3784 1096 3833 auctoritate
1103 3781 1271 3846 restrictisque

153 3858 338 3913 calumniarum
348 3863 478 3924 lomentis,
490 3863 674 3913 matrimonium
685 3863 747 3913 inter
758 3861 918 3912 consobrinos
931 3861 1049 3911 habeatur
1060 3861 1209 3925 legitimum,
1220 3863 1273 3913 sire

153 3954 186 3992 ex
203 3940 302 3991 duabus
317 3941 446 4003 iratribus,
462 3942 515 3992 sire
530 3955 560 3992 en
577 3940 672 3992 duabus
688 3940 829 4006 sororlbps,
852 3943 904 3991 sire
927 3951 956 3990 ex
983 3942 1057 3991 tratre
1072 3942 1097 3991 et
1114 3954 1198 3991 sorore
1221 3941 1271 3992 nati

154 4024 228 4073 sunt:
240 4023 267 4071 et
276 4033 306 4072 es
317 4034 347 4072 eo
359 4022 516 4072 matrimonio
534 4021 607 4085 editi,
625 4022 741 4084 legitimi,
755 4025 780 4072 et
795 4020 847 4071 suis
863 4020 973 4084 putribus
993 4033 1144 4072 successores
1168 4020 1272 4072 habeon·

152 4105 223 4152 ten·
235 4102 312 4164 corp.
331 4103 399 4151 terta
414 4098 487 4151 doit.
504 4100 544 4150 ed.
561 4101 604 4151 cit.
620 4114 675 4164 pag.
697 4106 763 4151 iles.
782 4100 867 4150 cliiii
884 4103 954 4150 notas
970 4100 1212 4164 iurisconsultorum,
1230 4101 1272 4151 utri

154 4181 229 4245 plura
242 4182 306 4232 scitu
322 4179 396 4244 digna
413 4180 461 4231 liac
475 4194 548 4245 super
563 4193 590 4231 re
605 4181 771 4230 inveniuntur.

231 4261 283 4323 (ei)
298 4263 348 4312 les
363 4259 453 4312 secus.
467 4264 541 4312 unio.
553 4273 606 4325 par.
618 4263 650 4311 ll.
663 4263 701 4312 tit.
714 4268 750 4313 ia.
762 4275 816 4326 esp.
832 4269 868 4313 to.
881 4261 919 4326 §§.
933 4270 955 4312 e.
968 4267 990 4313 ι.

235 4343 287 4406 (ιι)
302 4342 357 4393 iii.
369 4344 400 4391 V.
411 4343 507 4393 Deerat.
519 4342 558 4393 tit.
575 4348 610 4393 18.
621 4355 675 4404 cap.
686 4344 740 4392 vii.
753 4345 789 4393 lic
803 4342 964 4407 repletionis.
