2804 5062
141 162 210 238 ιιι
371 180 434 236 um.
455 180 491 235 u.
512 180 600 235 aser.
622 181 645 230 r.
672 178 713 232 or
731 178 857 233 aornar.
878 174 1005 233 metm.
1029 210 1036 221 .

140 304 285 380 invicem
308 301 460 378 conferre
476 300 659 388 debemus,
681 298 943 400 eorumdemque
958 299 1029 374 aim
1045 296 1248 398 expendere,

139 435 177 494 ut
200 442 288 521 quae
304 417 404 493 nobis
422 416 531 514 magis
549 414 710 515 probetur
726 412 893 489 sententia
906 411 1046 486 demum
1067 427 1249 512 promatur.

212 533 446 633 Expendentes
472 532 572 628 igitur
596 530 816 604 fundamenta
832 528 958 629 quibus
975 527 1172 602 innituntur
1187 552 1254 628 pro-

140 664 329 751 pugnantes
355 647 607 746 coniugiorum,
635 645 828 746 dequibus
854 638 982 744 agitur,
1001 643 1174 732 valorem,
1200 643 1253 717 de·

140 764 381 865 prehendimus
406 763 473 836 huc
496 788 537 836 ea
561 761 725 837 mundari:
747 765 782 834 1.
802 760 958 835 Noluisse
973 759 1161 836 concilium
1184 759 1254 834 hae

141 881 262 954 reticos
288 904 350 952 suo
374 876 508 952 decreto
532 877 758 976 obstringere,
785 891 823 951 ut
846 890 937 977 patet
960 901 1001 950 ex
1031 874 1191 951 clausula
1216 875 1253 948 de

141 992 368 1096 publicatione
385 993 494 1094 ipsius
511 993 635 1067 decreti
653 993 688 1065 in
706 991 850 1091 singulis
873 991 1041 1092 paroeciis
1066 990 1113 1064 nd
1139 990 1254 1065 ineam

141 1107 243 1183 modu
258 1108 414 1196 munda,
435 1134 523 1208 quae
540 1107 691 1208 alioquin
707 1109 892 1197 orirentur;
910 1108 945 1179 h.
970 1104 1059 1179 nihil
1075 1105 1193 1180 adhuc
1207 1130 1253 1204 ge

135 1225 286 1300 ‘neratim
302 1241 336 1300 et
351 1225 509 1300 universe
526 1224 569 1299 ab
586 1223 771 1324 apostoliea
795 1223 877 1298 sede
899 1220 1100 1312 delinitum
1118 1224 1154 1295 3.
1170 1246 1253 1324 prae

142 1341 341 1416 sumendam
365 1366 442 1415 esse
473 1340 624 1415 eiusdem
655 1338 860 1440 apostolieae
891 1337 985 1412 sedis
1009 1337 1252 1412 conniventiam

143 1469 203 1530 aut
218 1455 370 1544 tacitam,
385 1453 439 1530 vel
457 1454 559 1528 etiam
576 1453 787 1528 manifestam
807 1478 848 1527 eo
864 1451 954 1554 quod
973 1450 1017 1525 ab
1033 1451 1173 1526 haeresi
1188 1477 1254 1527 con

144 1593 261 1645 versos
287 1596 354 1644 non
380 1569 495 1667 adigat
519 1568 562 1643 ad
588 1564 835 1642 renovationem
856 1592 1043 1641 consensus
1069 1593 1187 1642 coram
1201 1592 1252 1666 pa·

144 1685 247 1761 rocho
260 1711 300 1761 ac
314 1686 472 1774 testibus3
488 1685 684 1784 praesertim
709 1709 789 1759 uero
804 1685 838 1756 l.
850 1709 891 1757 ex
899 1682 995 1757 Brevi
1009 1682 1164 1782 Gregorii
1178 1682 1249 1756 xtl.

144 1799 187 1874 ad
221 1801 399 1901 episcopos
428 1799 589 1873 Bavariae
614 1799 650 1872 in
679 1824 748 1900 quo
776 1815 945 1899 tamquam
973 1797 1091 1872 subdu
1120 1824 1163 1874 ea
1185 1798 1253 1871 hae·

145 1915 321 1990 reticorum
346 1915 515 1990 connubia
542 1913 682 2017 perinde
706 1941 747 1989 ac
771 1914 875 1989 mixta
899 1912 1142 2013 perhibentur;
1164 1918 1254 1988 bur·

145 2047 225 2129 gent
258 2031 516 2107 haesitationem
550 2031 720 2106 Benedicti
752 2031 865 2118 xlt,
898 2030 966 2105 imo
996 2044 1031 2104 et
1063 2029 1254 2106 conburitur

144 2147 220 2222 eius
244 2164 389 2221 mentem
416 2173 493 2222 cum
518 2148 583 2223 hoc
608 2146 777 2245 negotium
803 2147 839 2219 in
868 2146 1190 2244 congregationibus
1210 2170 1254 2218 ro

145 2264 257 2338 manis
283 2264 487 2362 agitaretur,
515 2290 603 2364 quae
628 2263 775 2364 supponi
800 2277 991 2361 nequeunt,
1026 2262 1058 2334 si
1088 2260 1255 2362 quidpiam

145 2378 227 2450 certi
252 2379 372 2453 luisset
397 2378 439 2452 ab
465 2378 610 2454 eeclesia
634 2392 693 2452 aut
716 2377 759 2451 ab
776 2376 961 2477 apostolica
982 2374 1066 2451 sede
1083 2391 1251 2462 statutum

147 2493 181 2563 6.
199 2493 504 2592 impossibilitatem
518 2493 755 2594 adimplendae
772 2492 898 2568 formae
915 2492 1122 2567 tridentinae
1139 2510 1207 2568 tum
1221 2516 1254 2564 et

146 2621 242 2706 parte
264 2605 523 2698 haereticorum,
550 2629 619 2684 tum
636 2637 675 2684 ex
694 2624 790 2709 parte
806 2608 1067 2697 catholicorum,
1088 2634 1168 2683 cum
1189 2632 1253 2708 pro-

146 2718 326 2793 hibeantur
343 2723 494 2820 parochi,
506 2725 638 2797 etiamsi
651 2723 775 2797 vellent
792 2723 950 2797 haeretici
964 2748 1078 2796 coram
1096 2724 1175 2823 ipso
1191 2746 1253 2797 con-

147 2861 284 2910 sensum
303 2863 402 2911 suum
420 2839 585 2927 emittere,
603 2840 736 2912 illorum
762 2839 928 2936 coniugiis
953 2840 1135 2928 assistere,
1157 2843 1191 2912 ''l.
1209 2836 1252 2911 di·

144 2975 278 3025 uersam
304 2950 438 3024 demum
464 2953 629 3026 sentiendi
654 2970 689 3027 ct
713 2953 834 3051 agendi
867 2954 1029 3027 rationem
1059 2980 1151 3054 quae
1176 2955 1251 3029 circa

145 3067 309 3141 eiusmodi
330 3067 485 3166 coniugia
503 3096 563 3169 pro
580 3069 724 3142 dirersis
749 3069 889 3170 epochis
914 3069 1063 3144 obtinuit
1080 3070 1116 3143 in
1131 3070 1247 3145 Galliis.

219 3184 339 3271 Porro,
360 3199 397 3256 ut
422 3198 531 3282 patet,
552 3182 718 3257 eiusmodi
744 3199 941 3280 argumenta
964 3209 1091 3282 magna
1107 3210 1150 3259 ex
1172 3197 1251 3286 parte

146 3321 213 3370 non
239 3299 467 3396 praeseferunt
490 3300 556 3372 nisi
582 3325 691 3372 meras
716 3301 941 3388 coniecturas,
960 3326 1089 3400 easque
1106 3300 1191 3377 levis
1205 3297 1251 3375 ad·

147 3410 283 3484 modum
308 3414 477 3486 momenti.

219 3528 366 3616 Etenim,
387 3529 536 3603 noluisse
551 3531 729 3604 concilium
748 3559 810 3606 suo
826 3533 958 3606 decreto
976 3531 1167 3609 haereticos
1184 3530 1251 3608 obli·

146 3670 243 3742 gere,
272 3660 323 3719 est
348 3660 460 3744 aperte
484 3662 599 3720 contra
616 3647 805 3735 veritatem
827 3647 975 3720 conditio
1000 3647 1078 3746 ipsa
1096 3674 1161 3723 seu
1177 3649 1252 3723 clau

147 3757 238 3845 sula,
266 3785 353 3859 quae
379 3785 398 3832 a
423 3760 612 3833 tridentinis
638 3760 790 3859 patribus
808 3761 965 3861 apposita
979 3778 1032 3835 est
1048 3761 1093 3835 de
1111 3763 1252 3862 publica·

147 3873 237 3945 tione
262 3874 314 3946 sui
340 3873 463 3947 decreti
489 3875 523 3945 in
550 3875 693 3971 singulis
719 3876 903 3974 paroeciis,
924 3892 962 3949 ut
977 3876 1047 3949 vim
1065 3877 1211 3965 habeat,
1228 3889 1255 3948 et

147 3988 284 4087 quidem
301 4006 377 4090 post
394 4016 543 4063 mensem
562 4017 582 4062 a
601 3990 840 4089 publicatione,
857 3991 986 4091 liquide
1003 3993 1158 4066 ostendit
1175 4017 1254 4067 men-

147 4120 213 4176 tem
239 4104 344 4180 luisse
370 4106 490 4180 concili
516 4105 686 4202 obligandi
714 4108 814 4180 etiam
842 4095 1029 4182 haereticos
1055 4110 1254 4210 ubicumque
