<?xml version="1.0" encoding="UTF-8"?>
<!DOCTYPE html PUBLIC "-//W3C//DTD XHTML 1.0 Transitional//EN"
    "http://www.w3.org/TR/xhtml1/DTD/xhtml1-transitional.dtd">
<html xmlns="http://www.w3.org/1999/xhtml" xml:lang="en" lang="en">
 <head>
  <title>
</title>
<meta http-equiv="Content-Type" content="text/html;charset=utf-8" />
  <meta name='ocr-system' content='tesseract 3.04.00' />
  <meta name='ocr-capabilities' content='ocr_page ocr_carea ocr_par ocr_line ocrx_word'/>
</head>
<body>
  <div class='ocr_page' id='page_1' title='image "./dematrimoniochr02perrgoog_0246.png"; bbox 0 0 2804 5062; ppageno 0'>
   <div class='ocr_carea' id='block_1_1' title="bbox 147 373 1214 446">
    <p class='ocr_par' dir='ltr' id='par_1_1' title="bbox 147 373 1214 446">
     <span class='ocr_line' id='line_1_1' title="bbox 147 373 1214 446; baseline 0 0"><span class='ocrx_word' id='word_1_1' title='bbox 147 395 218 446; x_wconf 78' lang='lat' dir='ltr'><strong>cm.</strong></span> <span class='ocrx_word' id='word_1_2' title='bbox 230 392 429 445; x_wconf 74' lang='lat' dir='ltr'><strong>mneunre.</strong></span> <span class='ocrx_word' id='word_1_3' title='bbox 443 392 651 443; x_wconf 68' lang='lat' dir='ltr'><strong>anaaernnr.</strong></span> <span class='ocrx_word' id='word_1_4' title='bbox 665 392 701 442; x_wconf 85' lang='lat' dir='ltr'><strong>se</strong></span> <span class='ocrx_word' id='word_1_5' title='bbox 715 394 774 442; x_wconf 83' lang='lat' dir='ltr'><strong>vau</strong></span> <span class='ocrx_word' id='word_1_6' title='bbox 789 393 853 443; x_wconf 81' lang='lat' dir='ltr'><strong>coe</strong></span> <span class='ocrx_word' id='word_1_7' title='bbox 869 393 961 443; x_wconf 79' lang='lat' dir='ltr'><strong>carn.</strong></span> <span class='ocrx_word' id='word_1_8' title='bbox 976 396 1047 444; x_wconf 73' lang='lat' dir='ltr'><strong>nur.</strong></span> <span class='ocrx_word' id='word_1_9' title='bbox 1062 397 1097 446; x_wconf 91' lang='lat' dir='ltr'><strong>rr.</strong></span> <span class='ocrx_word' id='word_1_10' title='bbox 1145 373 1214 446; x_wconf 74' lang='lat' dir='ltr'><strong>ale</strong></span> 
     </span>
    </p>
   </div>
   <div class='ocr_carea' id='block_1_2' title="bbox 113 511 1221 3728">
    <p class='ocr_par' dir='ltr' id='par_1_2' title="bbox 113 511 1218 1074">
     <span class='ocr_line' id='line_1_2' title="bbox 113 511 1217 615; baseline 0 -27"><span class='ocrx_word' id='word_1_11' title='bbox 113 539 189 615; x_wconf 76' lang='lat' dir='ltr'><strong>puae</strong></span> <span class='ocrx_word' id='word_1_12' title='bbox 212 540 235 587; x_wconf 92' lang='lat' dir='ltr'><strong>e</strong></span> <span class='ocrx_word' id='word_1_13' title='bbox 262 512 566 614; x_wconf 80' lang='lat' dir='ltr'>propugnatoribus</span> <span class='ocrx_word' id='word_1_14' title='bbox 594 511 717 585; x_wconf 83' lang='lat' dir='ltr'><strong>valoris</strong></span> <span class='ocrx_word' id='word_1_15' title='bbox 740 513 859 586; x_wconf 93' lang='lat' dir='ltr'><strong>horum</strong></span> <span class='ocrx_word' id='word_1_16' title='bbox 882 515 1114 612; x_wconf 80' lang='lat' dir='ltr'><strong>coniugiorum</strong></span> <span class='ocrx_word' id='word_1_17' title='bbox 1140 517 1217 589; x_wconf 87' lang='lat' dir='ltr'><strong>olle·</strong></span> 
     </span>
     <span class='ocr_line' id='line_1_3' title="bbox 113 629 1216 731; baseline 0.004 -28"><span class='ocrx_word' id='word_1_18' title='bbox 113 646 233 717; x_wconf 84' lang='lat' dir='ltr'><strong>untur,</strong></span> <span class='ocrx_word' id='word_1_19' title='bbox 249 629 285 701; x_wconf 93' lang='lat' dir='ltr'><strong>in</strong></span> <span class='ocrx_word' id='word_1_20' title='bbox 299 630 388 702; x_wconf 90' lang='lat' dir='ltr'><strong>hanc</strong></span> <span class='ocrx_word' id='word_1_21' title='bbox 404 631 606 703; x_wconf 80' lang='lat' dir='ltr'>sententiam</span> <span class='ocrx_word' id='word_1_22' title='bbox 623 646 877 717; x_wconf 82' lang='lat' dir='ltr'><strong>concesserant,</strong></span> <span class='ocrx_word' id='word_1_23' title='bbox 894 658 960 704; x_wconf 94' lang='lat' dir='ltr'><strong>non</strong></span> <span class='ocrx_word' id='word_1_24' title='bbox 978 633 1078 705; x_wconf 92' lang='lat' dir='ltr'><strong>modo</strong></span> <span class='ocrx_word' id='word_1_25' title='bbox 1096 633 1216 731; x_wconf 88' lang='lat' dir='ltr'><strong>pedem</strong></span> 
     </span>
     <span class='ocr_line' id='line_1_4' title="bbox 113 744 1217 847; baseline 0.004 -29"><span class='ocrx_word' id='word_1_26' title='bbox 113 744 141 818; x_wconf 87' lang='lat' dir='ltr'><strong>b</strong></span> <span class='ocrx_word' id='word_1_27' title='bbox 166 744 228 819; x_wconf 89' lang='lat' dir='ltr'><strong>illa</strong></span> <span class='ocrx_word' id='word_1_28' title='bbox 253 761 486 832; x_wconf 83' lang='lat' dir='ltr'><strong>retraxerunt,</strong></span> <span class='ocrx_word' id='word_1_29' title='bbox 520 744 580 819; x_wconf 89' lang='lat' dir='ltr'><strong>sed</strong></span> <span class='ocrx_word' id='word_1_30' title='bbox 605 745 718 845; x_wconf 92' lang='lat' dir='ltr'><strong>palam</strong></span> <span class='ocrx_word' id='word_1_31' title='bbox 744 746 888 847; x_wconf 81' lang='lat' dir='ltr'><strong>professi</strong></span> <span class='ocrx_word' id='word_1_32' title='bbox 915 764 995 821; x_wconf 91' lang='lat' dir='ltr'><strong>sunt</strong></span> <span class='ocrx_word' id='word_1_33' title='bbox 1017 751 1217 822; x_wconf 88' lang='lat' dir='ltr'><strong>sententiam</strong></span> 
     </span>
     <span class='ocr_line' id='line_1_5' title="bbox 113 860 1218 962; baseline 0.005 -28"><span class='ocrx_word' id='word_1_34' title='bbox 113 860 194 936; x_wconf 80' lang='lat' dir='ltr'><strong>hem</strong></span> <span class='ocrx_word' id='word_1_35' title='bbox 211 861 306 936; x_wconf 92' lang='lat' dir='ltr'><strong>omni</strong></span> <span class='ocrx_word' id='word_1_36' title='bbox 325 860 562 960; x_wconf 76' lang='lat' dir='ltr'><strong>probabilitate</strong></span> <span class='ocrx_word' id='word_1_37' title='bbox 585 862 740 949; x_wconf 88' lang='lat' dir='ltr'><strong>destitui,</strong></span> <span class='ocrx_word' id='word_1_38' title='bbox 763 889 872 962; x_wconf 89' lang='lat' dir='ltr'><strong>neque</strong></span> <span class='ocrx_word' id='word_1_39' title='bbox 889 864 1109 938; x_wconf 90' lang='lat' dir='ltr'><strong>attendendos</strong></span> <span class='ocrx_word' id='word_1_40' title='bbox 1131 865 1218 939; x_wconf 90' lang='lat' dir='ltr'><strong>eius-</strong></span> 
     </span>
     <span class='ocr_line' id='line_1_6' title="bbox 113 975 906 1074; baseline -0.004 -22"><span class='ocrx_word' id='word_1_41' title='bbox 113 976 193 1052; x_wconf 85' lang='lat' dir='ltr'><strong>nodi</strong></span> <span class='ocrx_word' id='word_1_42' title='bbox 218 975 394 1074; x_wconf 79' lang='lat' dir='ltr'><strong>theologos</strong></span> <span class='ocrx_word' id='word_1_43' title='bbox 419 1002 497 1050; x_wconf 90' lang='lat' dir='ltr'><strong>esse</strong></span> <span class='ocrx_word' id='word_1_44' title='bbox 521 991 580 1049; x_wconf 89' lang='lat' dir='ltr'><strong>aut</strong></span> <span class='ocrx_word' id='word_1_45' title='bbox 604 977 798 1050; x_wconf 80' lang='lat' dir='ltr'><strong>canonistas</strong></span> <span class='ocrx_word' id='word_1_46' title='bbox 818 980 906 1073; x_wconf 80' lang='grc'>(68).</span> 
     </span>
    </p>

    <p class='ocr_par' dir='ltr' id='par_1_3' title="bbox 113 1091 1218 1539">
     <span class='ocr_line' id='line_1_7' title="bbox 170 1091 1216 1194; baseline 0.006 -30"><span class='ocrx_word' id='word_1_47' title='bbox 170 1091 271 1178; x_wconf 80' lang='lat' dir='ltr'><strong>Quae</strong></span> <span class='ocrx_word' id='word_1_48' title='bbox 297 1117 373 1165; x_wconf 90' lang='lat' dir='ltr'><strong>cum</strong></span> <span class='ocrx_word' id='word_1_49' title='bbox 399 1093 445 1165; x_wconf 90' lang='lat' dir='ltr'><strong>ita</strong></span> <span class='ocrx_word' id='word_1_50' title='bbox 470 1117 508 1166; x_wconf 90' lang='lat' dir='ltr'><strong>se</strong></span> <span class='ocrx_word' id='word_1_51' title='bbox 533 1091 699 1179; x_wconf 86' lang='lat' dir='ltr'><strong>habeant,</strong></span> <span class='ocrx_word' id='word_1_52' title='bbox 725 1093 791 1165; x_wconf 90' lang='lat' dir='ltr'><strong>iam</strong></span> <span class='ocrx_word' id='word_1_53' title='bbox 813 1094 960 1194; x_wconf 89' lang='lat' dir='ltr'><strong>quisque</strong></span> <span class='ocrx_word' id='word_1_54' title='bbox 982 1094 1138 1194; x_wconf 83' lang='lat' dir='ltr'><strong>intelligit</strong></span> <span class='ocrx_word' id='word_1_55' title='bbox 1155 1123 1216 1171; x_wconf 93' lang='lat' dir='ltr'><strong>nos</strong></span> 
     </span>
     <span class='ocr_line' id='line_1_8' title="bbox 113 1206 1218 1307; baseline 0.005 -28"><span class='ocrx_word' id='word_1_56' title='bbox 113 1206 193 1281; x_wconf 81' lang='lat' dir='ltr'><strong>tend</strong></span> <span class='ocrx_word' id='word_1_57' title='bbox 218 1231 322 1307; x_wconf 91' lang='lat' dir='ltr'><strong>posse</strong></span> <span class='ocrx_word' id='word_1_58' title='bbox 347 1206 569 1293; x_wconf 88' lang='lat' dir='ltr'><strong>sententiam,</strong></span> <span class='ocrx_word' id='word_1_59' title='bbox 599 1233 661 1279; x_wconf 88' lang='lat' dir='ltr'><strong>seu</strong></span> <span class='ocrx_word' id='word_1_60' title='bbox 686 1208 798 1307; x_wconf 92' lang='lat' dir='ltr'><strong>potius</strong></span> <span class='ocrx_word' id='word_1_61' title='bbox 823 1234 936 1281; x_wconf 89' lang='lat' dir='ltr'><strong>veram</strong></span> <span class='ocrx_word' id='word_1_62' title='bbox 962 1208 1150 1283; x_wconf 89' lang='lat' dir='ltr'><strong>doctrinam</strong></span> <span class='ocrx_word' id='word_1_63' title='bbox 1176 1212 1218 1284; x_wconf 89' lang='lat' dir='ltr'><strong>do</strong></span> 
     </span>
     <span class='ocr_line' id='line_1_9' title="bbox 113 1320 1214 1426; baseline 0.003 -31"><span class='ocrx_word' id='word_1_64' title='bbox 113 1320 258 1396; x_wconf 69' lang='lat' dir='ltr'><strong>nullitate</strong></span> <span class='ocrx_word' id='word_1_65' title='bbox 283 1321 513 1420; x_wconf 82' lang='lat' dir='ltr'><strong>coniugiorum</strong></span> <span class='ocrx_word' id='word_1_66' title='bbox 539 1322 583 1396; x_wconf 89' lang='lat' dir='ltr'><strong>da</strong></span> <span class='ocrx_word' id='word_1_67' title='bbox 612 1322 735 1422; x_wconf 88' lang='lat' dir='ltr'><strong>quibus</strong></span> <span class='ocrx_word' id='word_1_68' title='bbox 766 1323 906 1421; x_wconf 77' lang='lat' dir='ltr'><strong>agitur,</strong></span> <span class='ocrx_word' id='word_1_69' title='bbox 935 1351 1001 1398; x_wconf 92' lang='lat' dir='ltr'><strong>non</strong></span> <span class='ocrx_word' id='word_1_70' title='bbox 1033 1327 1214 1426; x_wconf 87' lang='lat' dir='ltr'><strong>amplecti,</strong></span> 
     </span>
     <span class='ocr_line' id='line_1_10' title="bbox 113 1439 462 1539; baseline -0.011 -25"><span class='ocrx_word' id='word_1_71' title='bbox 113 1464 245 1539; x_wconf 78' lang='lat' dir='ltr'><strong>amque</strong></span> <span class='ocrx_word' id='word_1_72' title='bbox 271 1464 338 1513; x_wconf 93' lang='lat' dir='ltr'><strong>non</strong></span> <span class='ocrx_word' id='word_1_73' title='bbox 364 1439 462 1513; x_wconf 91' lang='lat' dir='ltr'><strong>tueri.</strong></span> 
     </span>
    </p>

    <p class='ocr_par' dir='ltr' id='par_1_4' title="bbox 113 1553 1220 2347">
     <span class='ocr_line' id='line_1_11' title="bbox 167 1553 1217 1656; baseline 0.002 -28"><span class='ocrx_word' id='word_1_74' title='bbox 167 1553 339 1654; x_wconf 77' lang='lat' dir='ltr'><strong>Asparem</strong></span> <span class='ocrx_word' id='word_1_75' title='bbox 357 1554 442 1628; x_wconf 88' lang='lat' dir='ltr'><strong>lorte</strong></span> <span class='ocrx_word' id='word_1_76' title='bbox 458 1554 644 1628; x_wconf 88' lang='lat' dir='ltr'><strong>doctrinam</strong></span> <span class='ocrx_word' id='word_1_77' title='bbox 662 1554 751 1629; x_wconf 88' lang='lat' dir='ltr'><strong>banc</strong></span> <span class='ocrx_word' id='word_1_78' title='bbox 767 1555 939 1629; x_wconf 89' lang='lat' dir='ltr'><strong>nonnullis</strong></span> <span class='ocrx_word' id='word_1_79' title='bbox 962 1558 997 1627; x_wconf 95' lang='lat' dir='ltr'><strong>in</strong></span> <span class='ocrx_word' id='word_1_80' title='bbox 1019 1556 1217 1656; x_wconf 84' lang='lat' dir='ltr'><strong>theologicis</strong></span> 
     </span>
     <span class='ocr_line' id='line_1_12' title="bbox 113 1669 1218 1769; baseline 0.004 -27"><span class='ocrx_word' id='word_1_81' title='bbox 113 1684 155 1743; x_wconf 82' lang='lat' dir='ltr'><strong>nt</strong></span> <span class='ocrx_word' id='word_1_82' title='bbox 181 1670 360 1744; x_wconf 84' lang='lat' dir='ltr'><strong>canonicis</strong></span> <span class='ocrx_word' id='word_1_83' title='bbox 384 1669 577 1769; x_wconf 90' lang='lat' dir='ltr'><strong>disciplinis</strong></span> <span class='ocrx_word' id='word_1_84' title='bbox 599 1696 666 1744; x_wconf 93' lang='lat' dir='ltr'><strong>non</strong></span> <span class='ocrx_word' id='word_1_85' title='bbox 689 1669 870 1744; x_wconf 89' lang='lat' dir='ltr'><strong>admodum</strong></span> <span class='ocrx_word' id='word_1_86' title='bbox 895 1673 1037 1746; x_wconf 86' lang='lat' dir='ltr'><strong>versatis</strong></span> <span class='ocrx_word' id='word_1_87' title='bbox 1065 1672 1218 1747; x_wconf 87' lang='lat' dir='ltr'><strong>accidere</strong></span> 
     </span>
     <span class='ocr_line' id='line_1_13' title="bbox 113 1784 1220 1887; baseline 0.002 -29"><span class='ocrx_word' id='word_1_88' title='bbox 113 1785 196 1860; x_wconf 85' lang='lat' dir='ltr'><strong>land</strong></span> <span class='ocrx_word' id='word_1_89' title='bbox 222 1784 427 1874; x_wconf 85' lang='lat' dir='ltr'><strong>diffitemur,</strong></span> <span class='ocrx_word' id='word_1_90' title='bbox 448 1786 478 1860; x_wconf 86' lang='lat' dir='ltr'><strong>si</strong></span> <span class='ocrx_word' id='word_1_91' title='bbox 498 1812 551 1860; x_wconf 92' lang='lat' dir='ltr'><strong>res</strong></span> <span class='ocrx_word' id='word_1_92' title='bbox 571 1787 737 1860; x_wconf 82' lang='lat' dir='ltr'><strong>theoretice</strong></span> <span class='ocrx_word' id='word_1_93' title='bbox 757 1803 943 1886; x_wconf 90' lang='lat' dir='ltr'><strong>spectetur;</strong></span> <span class='ocrx_word' id='word_1_94' title='bbox 964 1802 1017 1860; x_wconf 90' lang='lat' dir='ltr'><strong>est</strong></span> <span class='ocrx_word' id='word_1_95' title='bbox 1030 1787 1058 1860; x_wconf 92' lang='lat' dir='ltr'><strong>si</strong></span> <span class='ocrx_word' id='word_1_96' title='bbox 1074 1788 1220 1887; x_wconf 86' lang='lat' dir='ltr'><strong>practico</strong></span> 
     </span>
     <span class='ocr_line' id='line_1_14' title="bbox 113 1900 1218 2002; baseline -0.001 -25"><span class='ocrx_word' id='word_1_97' title='bbox 113 1901 192 1977; x_wconf 76' lang='lat' dir='ltr'><strong>ein</strong></span> <span class='ocrx_word' id='word_1_98' title='bbox 211 1901 331 1976; x_wconf 87' lang='lat' dir='ltr'><strong>ordine</strong></span> <span class='ocrx_word' id='word_1_99' title='bbox 356 1900 456 1990; x_wconf 88' lang='lat' dir='ltr'><strong>reali,</strong></span> <span class='ocrx_word' id='word_1_100' title='bbox 476 1918 514 1975; x_wconf 94' lang='lat' dir='ltr'><strong>ut</strong></span> <span class='ocrx_word' id='word_1_101' title='bbox 530 1903 641 1990; x_wconf 94' lang='lat' dir='ltr'><strong>aiunt,</strong></span> <span class='ocrx_word' id='word_1_102' title='bbox 668 1902 906 2002; x_wconf 89' lang='lat' dir='ltr'><strong>perpendetur,</strong></span> <span class='ocrx_word' id='word_1_103' title='bbox 928 1902 1108 2002; x_wconf 92' lang='lat' dir='ltr'><strong>plurimum</strong></span> <span class='ocrx_word' id='word_1_104' title='bbox 1127 1902 1218 1976; x_wconf 91' lang='lat' dir='ltr'><strong>eius-</strong></span> 
     </span>
     <span class='ocr_line' id='line_1_15' title="bbox 113 2017 1217 2117; baseline -0.001 -26"><span class='ocrx_word' id='word_1_105' title='bbox 113 2017 189 2093; x_wconf 88' lang='lat' dir='ltr'><strong>nodi</strong></span> <span class='ocrx_word' id='word_1_106' title='bbox 211 2017 407 2117; x_wconf 86' lang='lat' dir='ltr'><strong>asperitatis</strong></span> <span class='ocrx_word' id='word_1_107' title='bbox 427 2017 579 2092; x_wconf 87' lang='lat' dir='ltr'><strong>dootrina</strong></span> <span class='ocrx_word' id='word_1_108' title='bbox 596 2017 681 2091; x_wconf 88' lang='lat' dir='ltr'><strong>baec</strong></span> <span class='ocrx_word' id='word_1_109' title='bbox 698 2017 870 2117; x_wconf 88' lang='lat' dir='ltr'><strong>deperdet.</strong></span> <span class='ocrx_word' id='word_1_110' title='bbox 888 2017 992 2091; x_wconf 89' lang='lat' dir='ltr'><strong>llulto</strong></span> <span class='ocrx_word' id='word_1_111' title='bbox 1008 2044 1086 2092; x_wconf 87' lang='lat' dir='ltr'><strong>vero</strong></span> <span class='ocrx_word' id='word_1_112' title='bbox 1104 2018 1217 2091; x_wconf 93' lang='lat' dir='ltr'><strong>minus</strong></span> 
     </span>
     <span class='ocr_line' id='line_1_16' title="bbox 113 2132 1218 2233; baseline 0 -27"><span class='ocrx_word' id='word_1_113' title='bbox 113 2133 262 2208; x_wconf 81' lang='lat' dir='ltr'><strong>recretiei</strong></span> <span class='ocrx_word' id='word_1_114' title='bbox 294 2132 443 2220; x_wconf 90' lang='lat' dir='ltr'><strong>babent,</strong></span> <span class='ocrx_word' id='word_1_115' title='bbox 480 2133 572 2233; x_wconf 94' lang='lat' dir='ltr'><strong>quod</strong></span> <span class='ocrx_word' id='word_1_116' title='bbox 597 2133 641 2205; x_wconf 91' lang='lat' dir='ltr'><strong>de</strong></span> <span class='ocrx_word' id='word_1_117' title='bbox 666 2159 706 2206; x_wconf 91' lang='lat' dir='ltr'><strong>ea</strong></span> <span class='ocrx_word' id='word_1_118' title='bbox 731 2133 819 2206; x_wconf 90' lang='lat' dir='ltr'><strong>iuste</strong></span> <span class='ocrx_word' id='word_1_119' title='bbox 852 2150 1124 2233; x_wconf 87' lang='lat' dir='ltr'><strong>conquerantur,</strong></span> <span class='ocrx_word' id='word_1_120' title='bbox 1159 2151 1218 2206; x_wconf 89' lang='lat' dir='ltr'><strong>aut</strong></span> 
     </span>
     <span class='ocr_line' id='line_1_17' title="bbox 113 2245 1066 2347; baseline -0.001 -27"><span class='ocrx_word' id='word_1_121' title='bbox 113 2246 340 2323; x_wconf 83' lang='lat' dir='ltr'><strong>aecclesiam</strong></span> <span class='ocrx_word' id='word_1_122' title='bbox 366 2245 566 2321; x_wconf 86' lang='lat' dir='ltr'><strong>catholicam</strong></span> <span class='ocrx_word' id='word_1_123' title='bbox 591 2247 657 2321; x_wconf 90' lang='lat' dir='ltr'><strong>hac</strong></span> <span class='ocrx_word' id='word_1_124' title='bbox 682 2248 725 2321; x_wconf 90' lang='lat' dir='ltr'><strong>de</strong></span> <span class='ocrx_word' id='word_1_125' title='bbox 750 2274 854 2322; x_wconf 90' lang='lat' dir='ltr'><strong>eausa</strong></span> <span class='ocrx_word' id='word_1_126' title='bbox 880 2249 1066 2347; x_wconf 80' lang='lat' dir='ltr'><strong>insurgant.</strong></span> 
     </span>
    </p>

    <p class='ocr_par' dir='ltr' id='par_1_5' title="bbox 113 2361 1221 3728">
     <span class='ocr_line' id='line_1_18' title="bbox 171 2361 1218 2462; baseline -0.001 -26"><span class='ocrx_word' id='word_1_127' title='bbox 171 2362 329 2449; x_wconf 83' lang='lat' dir='ltr'><strong>Etenim,</strong></span> <span class='ocrx_word' id='word_1_128' title='bbox 358 2378 396 2436; x_wconf 84' lang='lat' dir='ltr'><strong>ut</strong></span> <span class='ocrx_word' id='word_1_129' title='bbox 419 2388 459 2435; x_wconf 87' lang='lat' dir='ltr'><strong>ex</strong></span> <span class='ocrx_word' id='word_1_130' title='bbox 485 2361 639 2435; x_wconf 89' lang='lat' dir='ltr'><strong>dicendis</strong></span> <span class='ocrx_word' id='word_1_131' title='bbox 665 2363 700 2434; x_wconf 89' lang='lat' dir='ltr'><strong>in</strong></span> <span class='ocrx_word' id='word_1_132' title='bbox 726 2363 917 2462; x_wconf 88' lang='lat' dir='ltr'><strong>insequenti</strong></span> <span class='ocrx_word' id='word_1_133' title='bbox 948 2362 1090 2436; x_wconf 90' lang='lat' dir='ltr'><strong>articulo</strong></span> <span class='ocrx_word' id='word_1_134' title='bbox 1106 2395 1108 2402; x_wconf 64' lang='grc'><em>’</em></span> <span class='ocrx_word' id='word_1_135' title='bbox 1126 2380 1218 2462; x_wconf 88' lang='lat' dir='ltr'><strong>pate-</strong></span> 
     </span>
     <span class='ocr_line' id='line_1_19' title="bbox 113 2477 1219 2576; baseline -0.001 -23"><span class='ocrx_word' id='word_1_136' title='bbox 113 2479 170 2567; x_wconf 77' lang='lat' dir='ltr'><strong>tit,</strong></span> <span class='ocrx_word' id='word_1_137' title='bbox 195 2477 342 2553; x_wconf 88' lang='lat' dir='ltr'><strong>ecelesia</strong></span> <span class='ocrx_word' id='word_1_138' title='bbox 367 2477 548 2552; x_wconf 91' lang='lat' dir='ltr'><strong>mitissima</strong></span> <span class='ocrx_word' id='word_1_139' title='bbox 574 2503 612 2552; x_wconf 90' lang='lat' dir='ltr'><strong>se</strong></span> <span class='ocrx_word' id='word_1_140' title='bbox 636 2505 713 2551; x_wconf 90' lang='lat' dir='ltr'><strong>oum</strong></span> <span class='ocrx_word' id='word_1_141' title='bbox 739 2478 918 2551; x_wconf 89' lang='lat' dir='ltr'><strong>haereticis</strong></span> <span class='ocrx_word' id='word_1_142' title='bbox 944 2479 1071 2551; x_wconf 90' lang='lat' dir='ltr'><strong>ratione</strong></span> <span class='ocrx_word' id='word_1_143' title='bbox 1089 2506 1126 2552; x_wconf 90' lang='lat' dir='ltr'><strong>se</strong></span> <span class='ocrx_word' id='word_1_144' title='bbox 1143 2506 1219 2576; x_wconf 82' lang='lat' dir='ltr'><strong>gos-</strong></span> 
     </span>
     <span class='ocr_line' id='line_1_20' title="bbox 113 2592 1218 2694; baseline 0 -26"><span class='ocrx_word' id='word_1_145' title='bbox 113 2595 145 2670; x_wconf 76' lang='lat' dir='ltr'><strong>tit</strong></span> <span class='ocrx_word' id='word_1_146' title='bbox 161 2620 205 2669; x_wconf 88' lang='lat' dir='ltr'><strong>ee</strong></span> <span class='ocrx_word' id='word_1_147' title='bbox 221 2594 326 2692; x_wconf 76' lang='lat' dir='ltr'><strong>gerit3</strong></span> <span class='ocrx_word' id='word_1_148' title='bbox 355 2592 482 2667; x_wconf 89' lang='lat' dir='ltr'><strong>nullam</strong></span> <span class='ocrx_word' id='word_1_149' title='bbox 505 2619 656 2694; x_wconf 89' lang='lat' dir='ltr'><strong>unquam</strong></span> <span class='ocrx_word' id='word_1_150' title='bbox 682 2594 725 2667; x_wconf 92' lang='lat' dir='ltr'><strong>iis</strong></span> <span class='ocrx_word' id='word_1_151' title='bbox 751 2594 815 2667; x_wconf 90' lang='lat' dir='ltr'><strong>beo</strong></span> <span class='ocrx_word' id='word_1_152' title='bbox 842 2595 885 2666; x_wconf 90' lang='lat' dir='ltr'><strong>de</strong></span> <span class='ocrx_word' id='word_1_153' title='bbox 908 2619 1012 2668; x_wconf 83' lang='lat' dir='ltr'><strong>causa</strong></span> <span class='ocrx_word' id='word_1_154' title='bbox 1030 2594 1218 2668; x_wconf 88' lang='lat' dir='ltr'><strong>molestiam</strong></span> 
     </span>
     <span class='ocr_line' id='line_1_21' title="bbox 113 2708 1219 2809; baseline -0.001 -25"><span class='ocrx_word' id='word_1_155' title='bbox 113 2710 217 2786; x_wconf 87' lang='lat' dir='ltr'><strong>ntulit</strong></span> <span class='ocrx_word' id='word_1_156' title='bbox 233 2725 294 2784; x_wconf 88' lang='lat' dir='ltr'><strong>aut</strong></span> <span class='ocrx_word' id='word_1_157' title='bbox 310 2710 421 2783; x_wconf 83' lang='lat' dir='ltr'><strong>insert.</strong></span> <span class='ocrx_word' id='word_1_158' title='bbox 442 2708 719 2784; x_wconf 89' lang='lat' dir='ltr'><strong>Dissimulatione</strong></span> <span class='ocrx_word' id='word_1_159' title='bbox 739 2709 868 2809; x_wconf 88' lang='lat' dir='ltr'><strong>passim</strong></span> <span class='ocrx_word' id='word_1_160' title='bbox 891 2737 931 2784; x_wconf 90' lang='lat' dir='ltr'><strong>ac</strong></span> <span class='ocrx_word' id='word_1_161' title='bbox 955 2710 1129 2785; x_wconf 90' lang='lat' dir='ltr'><strong>tolerantia</strong></span> <span class='ocrx_word' id='word_1_162' title='bbox 1149 2713 1219 2784; x_wconf 75' lang='lat' dir='ltr'><strong>&#39;uti-</strong></span> 
     </span>
     <span class='ocr_line' id='line_1_22' title="bbox 113 2822 1220 2925; baseline 0 -27"><span class='ocrx_word' id='word_1_163' title='bbox 113 2850 171 2913; x_wconf 88' lang='lat' dir='ltr'><strong>nr,</strong></span> <span class='ocrx_word' id='word_1_164' title='bbox 200 2849 241 2898; x_wconf 90' lang='lat' dir='ltr'><strong>ec</strong></span> <span class='ocrx_word' id='word_1_165' title='bbox 266 2824 295 2896; x_wconf 90' lang='lat' dir='ltr'><strong>si</strong></span> <span class='ocrx_word' id='word_1_166' title='bbox 320 2823 404 2924; x_wconf 91' lang='lat' dir='ltr'><strong>quid</strong></span> <span class='ocrx_word' id='word_1_167' title='bbox 430 2850 470 2897; x_wconf 86' lang='lat' dir='ltr'><strong>ex</strong></span> <span class='ocrx_word' id='word_1_168' title='bbox 495 2822 561 2897; x_wconf 90' lang='lat' dir='ltr'><strong>hac</strong></span> <span class='ocrx_word' id='word_1_169' title='bbox 584 2824 738 2897; x_wconf 88' lang='lat' dir='ltr'><strong>doctrina</strong></span> <span class='ocrx_word' id='word_1_170' title='bbox 766 2840 799 2897; x_wconf 92' lang='lat' dir='ltr'><strong>et</strong></span> <span class='ocrx_word' id='word_1_171' title='bbox 824 2825 919 2923; x_wconf 86' lang='lat' dir='ltr'><strong>praxi</strong></span> <span class='ocrx_word' id='word_1_172' title='bbox 948 2828 1118 2925; x_wconf 84' lang='lat' dir='ltr'><strong>provenit,</strong></span> <span class='ocrx_word' id='word_1_173' title='bbox 1146 2851 1220 2899; x_wconf 88' lang='lat' dir='ltr'><strong>ver-</strong></span> 
     </span>
     <span class='ocr_line' id='line_1_23' title="bbox 113 2939 1220 3041; baseline -0.001 -28"><span class='ocrx_word' id='word_1_174' title='bbox 113 2940 184 3014; x_wconf 84' lang='lat' dir='ltr'><strong>itur</strong></span> <span class='ocrx_word' id='word_1_175' title='bbox 204 2939 341 3013; x_wconf 89' lang='lat' dir='ltr'><strong>demum</strong></span> <span class='ocrx_word' id='word_1_176' title='bbox 360 2940 393 3011; x_wconf 96' lang='lat' dir='ltr'><strong>in</strong></span> <span class='ocrx_word' id='word_1_177' title='bbox 416 2939 542 3012; x_wconf 89' lang='lat' dir='ltr'><strong>bonum</strong></span> <span class='ocrx_word' id='word_1_178' title='bbox 561 2939 714 3038; x_wconf 93' lang='lat' dir='ltr'><strong>ipsorum</strong></span> <span class='ocrx_word' id='word_1_179' title='bbox 733 2940 1014 3028; x_wconf 88' lang='lat' dir='ltr'><strong>acatholicorum,</strong></span> <span class='ocrx_word' id='word_1_180' title='bbox 1036 2942 1065 3013; x_wconf 91' lang='lat' dir='ltr'><strong>si</strong></span> <span class='ocrx_word' id='word_1_181' title='bbox 1084 2941 1220 3041; x_wconf 91' lang='lat' dir='ltr'><strong>quando</strong></span> 
     </span>
     <span class='ocr_line' id='line_1_24' title="bbox 113 3055 1218 3154; baseline -0.002 -23"><span class='ocrx_word' id='word_1_182' title='bbox 113 3057 275 3154; x_wconf 71' lang='lat' dir='ltr'><strong>cntingat</strong></span> <span class='ocrx_word' id='word_1_183' title='bbox 299 3081 358 3129; x_wconf 88' lang='lat' dir='ltr'><strong>eos</strong></span> <span class='ocrx_word' id='word_1_184' title='bbox 385 3056 420 3128; x_wconf 94' lang='lat' dir='ltr'><strong>in</strong></span> <span class='ocrx_word' id='word_1_185' title='bbox 447 3055 611 3129; x_wconf 91' lang='lat' dir='ltr'><strong>ecclesiae</strong></span> <span class='ocrx_word' id='word_1_186' title='bbox 640 3055 826 3130; x_wconf 87' lang='lat' dir='ltr'><strong>catholicae</strong></span> <span class='ocrx_word' id='word_1_187' title='bbox 856 3057 969 3128; x_wconf 89' lang='lat' dir='ltr'><strong>sinum</strong></span> <span class='ocrx_word' id='word_1_188' title='bbox 992 3057 1119 3143; x_wconf 89' lang='lat' dir='ltr'><strong>redire,</strong></span> <span class='ocrx_word' id='word_1_189' title='bbox 1138 3056 1218 3129; x_wconf 92' lang='lat' dir='ltr'><strong>dum</strong></span> 
     </span>
     <span class='ocr_line' id='line_1_25' title="bbox 114 3170 1221 3274; baseline -0.002 -30"><span class='ocrx_word' id='word_1_190' title='bbox 114 3173 189 3274; x_wconf 90' lang='lat' dir='ltr'><strong>psis</strong></span> <span class='ocrx_word' id='word_1_191' title='bbox 217 3171 429 3270; x_wconf 83' lang='lat' dir='ltr'><strong>indulgetur,</strong></span> <span class='ocrx_word' id='word_1_192' title='bbox 460 3172 507 3244; x_wconf 91' lang='lat' dir='ltr'><strong>ita</strong></span> <span class='ocrx_word' id='word_1_193' title='bbox 528 3171 746 3271; x_wconf 89' lang='lat' dir='ltr'><strong>poscentibus</strong></span> <span class='ocrx_word' id='word_1_194' title='bbox 774 3197 883 3244; x_wconf 90' lang='lat' dir='ltr'><strong>rerum</strong></span> <span class='ocrx_word' id='word_1_195' title='bbox 902 3171 1083 3258; x_wconf 89' lang='lat' dir='ltr'><strong>adiunctis,</strong></span> <span class='ocrx_word' id='word_1_196' title='bbox 1104 3170 1158 3245; x_wconf 89' lang='lat' dir='ltr'><strong>vel</strong></span> <span class='ocrx_word' id='word_1_197' title='bbox 1177 3171 1221 3244; x_wconf 95' lang='lat' dir='ltr'><strong>ob</strong></span> 
     </span>
     <span class='ocr_line' id='line_1_26' title="bbox 113 3284 1220 3391; baseline -0.003 -29"><span class='ocrx_word' id='word_1_198' title='bbox 113 3303 221 3362; x_wconf 86' lang='lat' dir='ltr'><strong>natue</strong></span> <span class='ocrx_word' id='word_1_199' title='bbox 238 3287 403 3374; x_wconf 89' lang='lat' dir='ltr'><strong>dissidia,</strong></span> <span class='ocrx_word' id='word_1_200' title='bbox 432 3286 484 3360; x_wconf 81' lang='lat' dir='ltr'><strong>vel</strong></span> <span class='ocrx_word' id='word_1_201' title='bbox 511 3287 555 3361; x_wconf 94' lang='lat' dir='ltr'><strong>ob</strong></span> <span class='ocrx_word' id='word_1_202' title='bbox 576 3287 823 3387; x_wconf 89' lang='lat' dir='ltr'><strong>separationem</strong></span> <span class='ocrx_word' id='word_1_203' title='bbox 841 3285 884 3357; x_wconf 90' lang='lat' dir='ltr'><strong>ab</strong></span> <span class='ocrx_word' id='word_1_204' title='bbox 903 3286 1063 3391; x_wconf 76' lang='lat' dir='ltr'><strong>inuicem,</strong></span> <span class='ocrx_word' id='word_1_205' title='bbox 1086 3284 1220 3385; x_wconf 89' lang='lat' dir='ltr'><strong>aliaque</strong></span> 
     </span>
     <span class='ocr_line' id='line_1_27' title="bbox 113 3400 1220 3501; baseline -0.003 -23"><span class='ocrx_word' id='word_1_206' title='bbox 113 3403 295 3489; x_wconf 75' lang='lat' dir='ltr'><strong>nnsmodi,</strong></span> <span class='ocrx_word' id='word_1_207' title='bbox 320 3429 425 3476; x_wconf 88' lang='lat' dir='ltr'><strong>novas</strong></span> <span class='ocrx_word' id='word_1_208' title='bbox 450 3402 536 3475; x_wconf 91' lang='lat' dir='ltr'><strong>inire</strong></span> <span class='ocrx_word' id='word_1_209' title='bbox 562 3403 721 3501; x_wconf 89' lang='lat' dir='ltr'><strong>nuptias,</strong></span> <span class='ocrx_word' id='word_1_210' title='bbox 750 3401 798 3473; x_wconf 88' lang='lat' dir='ltr'><strong>uti</strong></span> <span class='ocrx_word' id='word_1_211' title='bbox 825 3427 865 3472; x_wconf 78' lang='lat' dir='ltr'><strong>ox</strong></span> <span class='ocrx_word' id='word_1_212' title='bbox 891 3400 957 3474; x_wconf 92' lang='lat' dir='ltr'><strong>non</strong></span> <span class='ocrx_word' id='word_1_213' title='bbox 979 3401 1097 3499; x_wconf 90' lang='lat' dir='ltr'><strong>paucis</strong></span> <span class='ocrx_word' id='word_1_214' title='bbox 1129 3427 1220 3475; x_wconf 81' lang='lat' dir='ltr'><strong>reso</strong></span> 
     </span>
     <span class='ocr_line' id='line_1_28' title="bbox 113 3515 1219 3618; baseline -0.005 -25"><span class='ocrx_word' id='word_1_215' title='bbox 113 3517 289 3594; x_wconf 87' lang='lat' dir='ltr'><strong>ationibus</strong></span> <span class='ocrx_word' id='word_1_216' title='bbox 318 3517 445 3618; x_wconf 90' lang='lat' dir='ltr'><strong>liquet,</strong></span> <span class='ocrx_word' id='word_1_217' title='bbox 479 3533 537 3591; x_wconf 90' lang='lat' dir='ltr'><strong>eut</strong></span> <span class='ocrx_word' id='word_1_218' title='bbox 561 3517 734 3618; x_wconf 89' lang='lat' dir='ltr'><strong>proprium</strong></span> <span class='ocrx_word' id='word_1_219' title='bbox 760 3517 946 3590; x_wconf 89' lang='lat' dir='ltr'><strong>instaurare</strong></span> <span class='ocrx_word' id='word_1_220' title='bbox 972 3515 1164 3614; x_wconf 82' lang='lat' dir='ltr'><strong>coniugium</strong></span> <span class='ocrx_word' id='word_1_221' title='bbox 1191 3519 1219 3590; x_wconf 90' lang='lat' dir='ltr'><strong>si</strong></span> 
     </span>
     <span class='ocr_line' id='line_1_29' title="bbox 113 3632 662 3728; baseline -0.011 -20"><span class='ocrx_word' id='word_1_222' title='bbox 113 3633 203 3708; x_wconf 77' lang='lat' dir='ltr'><strong>umbo</strong></span> <span class='ocrx_word' id='word_1_223' title='bbox 228 3648 466 3706; x_wconf 85' lang='lat' dir='ltr'><strong>convertantur</strong></span> <span class='ocrx_word' id='word_1_224' title='bbox 490 3632 662 3728; x_wconf 85' lang='lat' dir='ltr'><strong>coniuges.</strong></span> 
     </span>
    </p>
   </div>
   <div class='ocr_carea' id='block_1_3' title="bbox 113 3800 1222 4424">
    <p class='ocr_par' dir='ltr' id='par_1_6' title="bbox 113 3800 1222 4424">
     <span class='ocr_line' id='line_1_30' title="bbox 175 3800 1220 3866; baseline 0 -14"><span class='ocrx_word' id='word_1_225' title='bbox 175 3801 228 3866; x_wconf 76' lang='grc'>(68)</span> <span class='ocrx_word' id='word_1_226' title='bbox 245 3801 286 3851; x_wconf 87' lang='lat' dir='ltr'><strong>Sic</strong></span> <span class='ocrx_word' id='word_1_227' title='bbox 308 3801 371 3851; x_wconf 84' lang='lat' dir='ltr'><strong>lotor</strong></span> <span class='ocrx_word' id='word_1_228' title='bbox 390 3803 484 3851; x_wconf 86' lang='lat' dir='ltr'><strong>ceteros</strong></span> <span class='ocrx_word' id='word_1_229' title='bbox 508 3801 624 3851; x_wconf 87' lang='lat' dir='ltr'><strong>Placidus</strong></span> <span class='ocrx_word' id='word_1_230' title='bbox 642 3801 743 3850; x_wconf 76' lang='lat' dir='ltr'><strong>Bocklm</strong></span> <span class='ocrx_word' id='word_1_231' title='bbox 762 3815 802 3864; x_wconf 90' lang='lat' dir='ltr'><strong>op.</strong></span> <span class='ocrx_word' id='word_1_232' title='bbox 819 3801 862 3850; x_wconf 87' lang='lat' dir='ltr'><strong>cit.</strong></span> <span class='ocrx_word' id='word_1_233' title='bbox 879 3801 911 3850; x_wconf 89' lang='lat' dir='ltr'><strong>ad</strong></span> <span class='ocrx_word' id='word_1_234' title='bbox 928 3802 968 3851; x_wconf 85' lang='lat' dir='ltr'><strong>tit.</strong></span> <span class='ocrx_word' id='word_1_235' title='bbox 987 3804 1025 3851; x_wconf 84' lang='lat' dir='ltr'><strong>Dc</strong></span> <span class='ocrx_word' id='word_1_236' title='bbox 1041 3800 1220 3852; x_wconf 73' lang='lat' dir='ltr'><strong>clandestinat.</strong></span> 
     </span>
     <span class='ocr_line' id='line_1_31' title="bbox 113 3879 1220 3947; baseline -0.003 -14"><span class='ocrx_word' id='word_1_237' title='bbox 113 3879 256 3947; x_wconf 62' lang='lat' dir='ltr'><strong>tamesae</strong></span> <span class='ocrx_word' id='word_1_238' title='bbox 268 3894 313 3932; x_wconf 88' lang='lat' dir='ltr'><strong>nec</strong></span> <span class='ocrx_word' id='word_1_239' title='bbox 324 3895 373 3931; x_wconf 94' lang='lat' dir='ltr'><strong>non</strong></span> <span class='ocrx_word' id='word_1_240' title='bbox 383 3883 419 3931; x_wconf 88' lang='lat' dir='ltr'><strong>lo.</strong></span> <span class='ocrx_word' id='word_1_241' title='bbox 432 3884 533 3945; x_wconf 82' lang='lat' dir='ltr'><strong>Nepom.</strong></span> <span class='ocrx_word' id='word_1_242' title='bbox 545 3885 654 3946; x_wconf 84' lang='lat' dir='ltr'><strong>Tropper</strong></span> <span class='ocrx_word' id='word_1_243' title='bbox 666 3895 706 3944; x_wconf 88' lang='lat' dir='ltr'><strong>op.</strong></span> <span class='ocrx_word' id='word_1_244' title='bbox 720 3882 762 3931; x_wconf 86' lang='lat' dir='ltr'><strong>cit.</strong></span> <span class='ocrx_word' id='word_1_245' title='bbox 771 3895 795 3930; x_wconf 90' lang='lat' dir='ltr'><strong>n.</strong></span> <span class='ocrx_word' id='word_1_246' title='bbox 805 3888 858 3931; x_wconf 73' lang='lat' dir='ltr'><strong>aas.</strong></span> <span class='ocrx_word' id='word_1_247' title='bbox 872 3881 942 3932; x_wconf 87' lang='lat' dir='ltr'><strong>cuius</strong></span> <span class='ocrx_word' id='word_1_248' title='bbox 957 3881 1032 3931; x_wconf 82' lang='lat' dir='ltr'><strong>verbe</strong></span> <span class='ocrx_word' id='word_1_249' title='bbox 1044 3881 1085 3931; x_wconf 87' lang='lat' dir='ltr'><strong>hle</strong></span> <span class='ocrx_word' id='word_1_250' title='bbox 1096 3881 1220 3932; x_wconf 82' lang='lat' dir='ltr'><strong>describo:</strong></span> 
     </span>
     <span class='ocr_line' id='line_1_32' title="bbox 113 3959 1222 4024; baseline 0.005 -18"><span class='ocrx_word' id='word_1_251' title='bbox 113 3961 239 4023; x_wconf 64' lang='lat' dir='ltr'><strong>rBoehha,</strong></span> <span class='ocrx_word' id='word_1_252' title='bbox 253 3959 350 4024; x_wconf 82' lang='lat' dir='ltr'><strong>inquit,</strong></span> <span class='ocrx_word' id='word_1_253' title='bbox 361 3960 518 4012; x_wconf 75' lang='lat' dir='ltr'><strong>Reiffenstuel</strong></span> <span class='ocrx_word' id='word_1_254' title='bbox 529 3964 554 4011; x_wconf 86' lang='lat' dir='ltr'><strong>et</strong></span> <span class='ocrx_word' id='word_1_255' title='bbox 565 3963 701 4011; x_wconf 84' lang='lat' dir='ltr'><strong>Holzmaun</strong></span> <span class='ocrx_word' id='word_1_256' title='bbox 715 3960 744 4010; x_wconf 83' lang='lat' dir='ltr'><strong>tt.</strong></span> <span class='ocrx_word' id='word_1_257' title='bbox 754 3974 790 4010; x_wconf 87' lang='lat' dir='ltr'><strong>cc.</strong></span> <span class='ocrx_word' id='word_1_258' title='bbox 802 3974 859 4011; x_wconf 84' lang='lat' dir='ltr'><strong>cum</strong></span> <span class='ocrx_word' id='word_1_259' title='bbox 869 3962 961 4021; x_wconf 88' lang='lat' dir='ltr'><strong>Lessio,</strong></span> <span class='ocrx_word' id='word_1_260' title='bbox 973 3960 1121 4011; x_wconf 83' lang='lat' dir='ltr'><strong>Thaubaren</strong></span> <span class='ocrx_word' id='word_1_261' title='bbox 1132 3961 1158 4009; x_wconf 86' lang='lat' dir='ltr'><strong>ln</strong></span> <span class='ocrx_word' id='word_1_262' title='bbox 1168 3964 1222 4012; x_wconf 79' lang='grc' dir='ltr'><strong>Να-</strong></span> 
     </span>
     <span class='ocr_line' id='line_1_33' title="bbox 113 4038 1222 4103; baseline 0 -13"><span class='ocrx_word' id='word_1_263' title='bbox 113 4038 159 4092; x_wconf 70' lang='lat' dir='ltr'><strong>elea</strong></span> <span class='ocrx_word' id='word_1_264' title='bbox 169 4041 240 4091; x_wconf 74' lang='lat' dir='ltr'><strong>tetris</strong></span> <span class='ocrx_word' id='word_1_265' title='bbox 251 4051 346 4089; x_wconf 83' lang='lat' dir='ltr'><strong>conon.</strong></span> <span class='ocrx_word' id='word_1_266' title='bbox 360 4039 378 4088; x_wconf 79' lang='lat' dir='ltr'><strong>l,</strong></span> <span class='ocrx_word' id='word_1_267' title='bbox 391 4041 432 4088; x_wconf 81' lang='lat' dir='ltr'><strong>lv.</strong></span> <span class='ocrx_word' id='word_1_268' title='bbox 444 4039 547 4102; x_wconf 87' lang='lat' dir='ltr'><strong>aliisquo</strong></span> <span class='ocrx_word' id='word_1_269' title='bbox 558 4039 664 4089; x_wconf 80' lang='lat' dir='ltr'><strong>nullom</strong></span> <span class='ocrx_word' id='word_1_270' title='bbox 671 4038 888 4103; x_wconf 77' lang='lat' dir='ltr'><strong>probabilitatem</strong></span> <span class='ocrx_word' id='word_1_271' title='bbox 897 4038 976 4088; x_wconf 80' lang='lat' dir='ltr'><strong>valeri</strong></span> <span class='ocrx_word' id='word_1_272' title='bbox 988 4039 1088 4089; x_wconf 86' lang='lat' dir='ltr'><strong>illorum</strong></span> <span class='ocrx_word' id='word_1_273' title='bbox 1098 4041 1222 4091; x_wconf 88' lang='lat' dir='ltr'><strong>matrimo-</strong></span> 
     </span>
     <span class='ocr_line' id='line_1_34' title="bbox 113 4117 1222 4185; baseline -0.001 -15"><span class='ocrx_word' id='word_1_274' title='bbox 113 4117 202 4170; x_wconf 66' lang='grc' dir='ltr'><strong>Μαι</strong></span> <span class='ocrx_word' id='word_1_275' title='bbox 212 4118 363 4178; x_wconf 76' lang='lat' dir='ltr'><strong>admittent,</strong></span> <span class='ocrx_word' id='word_1_276' title='bbox 378 4120 539 4182; x_wconf 84' lang='lat' dir='ltr'><strong>asserantque</strong></span> <span class='ocrx_word' id='word_1_277' title='bbox 553 4132 599 4169; x_wconf 88' lang='lat' dir='ltr'><strong>nec</strong></span> <span class='ocrx_word' id='word_1_278' title='bbox 609 4117 782 4169; x_wconf 83' lang='lat' dir='ltr'><strong>attendendos</strong></span> <span class='ocrx_word' id='word_1_279' title='bbox 792 4131 846 4168; x_wconf 79' lang='lat' dir='ltr'><strong>esse</strong></span> <span class='ocrx_word' id='word_1_280' title='bbox 857 4122 986 4185; x_wconf 73' lang='lat' dir='ltr'><strong>oppositos</strong></span> <span class='ocrx_word' id='word_1_281' title='bbox 1003 4122 1070 4183; x_wconf 82' lang='lat' dir='ltr'><strong>DD„</strong></span> <span class='ocrx_word' id='word_1_282' title='bbox 1083 4132 1127 4169; x_wconf 88' lang='lat' dir='ltr'><strong>nec</strong></span> <span class='ocrx_word' id='word_1_283' title='bbox 1137 4133 1222 4170; x_wconf 82' lang='lat' dir='ltr'><strong>eornm</strong></span> 
     </span>
     <span class='ocr_line' id='line_1_35' title="bbox 113 4197 1222 4262; baseline -0.004 -12"><span class='ocrx_word' id='word_1_284' title='bbox 113 4199 246 4262; x_wconf 59' lang='lat' dir='ltr'><strong>mum</strong></span> <span class='ocrx_word' id='word_1_285' title='bbox 258 4197 284 4246; x_wconf 85' lang='lat' dir='ltr'><strong>ln</strong></span> <span class='ocrx_word' id='word_1_286' title='bbox 295 4199 364 4261; x_wconf 80' lang='lat' dir='ltr'><strong>praxi</strong></span> <span class='ocrx_word' id='word_1_287' title='bbox 373 4197 564 4261; x_wconf 82' lang='lat' dir='ltr'><strong>consulendam,</strong></span> <span class='ocrx_word' id='word_1_288' title='bbox 577 4211 684 4260; x_wconf 82' lang='lat' dir='ltr'><strong>cumque</strong></span> <span class='ocrx_word' id='word_1_289' title='bbox 695 4197 791 4247; x_wconf 81' lang='lat' dir='ltr'><strong>rideam</strong></span> <span class='ocrx_word' id='word_1_290' title='bbox 803 4197 1017 4248; x_wconf 86' lang='lat' dir='ltr'><strong>baccebillisnon</strong></span> <span class='ocrx_word' id='word_1_291' title='bbox 1029 4199 1152 4249; x_wconf 85' lang='lat' dir='ltr'><strong>immerito</strong></span> <span class='ocrx_word' id='word_1_292' title='bbox 1162 4198 1222 4261; x_wconf 80' lang='lat' dir='ltr'><strong>dict,</strong></span> 
     </span>
     <span class='ocr_line' id='line_1_36' title="bbox 113 4276 1222 4340; baseline -0.003 -8"><span class='ocrx_word' id='word_1_293' title='bbox 113 4276 208 4332; x_wconf 66' lang='lat' dir='ltr'><strong>aare</strong></span> <span class='ocrx_word' id='word_1_294' title='bbox 227 4277 279 4328; x_wconf 83' lang='lat' dir='ltr'><strong>illis</strong></span> <span class='ocrx_word' id='word_1_295' title='bbox 296 4277 480 4327; x_wconf 81' lang='lat' dir='ltr'><strong>adhaerendum</strong></span> <span class='ocrx_word' id='word_1_296' title='bbox 499 4277 617 4339; x_wconf 78' lang='lat' dir='ltr'><strong>arbitror,</strong></span> <span class='ocrx_word' id='word_1_297' title='bbox 631 4277 728 4328; x_wconf 73' lang='lat' dir='ltr'><strong>temeei</strong></span> <span class='ocrx_word' id='word_1_298' title='bbox 741 4276 875 4340; x_wconf 79' lang='lat' dir='ltr'><strong>aliquando</strong></span> <span class='ocrx_word' id='word_1_299' title='bbox 885 4276 910 4327; x_wconf 85' lang='lat' dir='ltr'><strong>in</strong></span> <span class='ocrx_word' id='word_1_300' title='bbox 920 4278 968 4330; x_wconf 88' lang='lat' dir='ltr'><strong>hoe</strong></span> <span class='ocrx_word' id='word_1_301' title='bbox 979 4281 1099 4331; x_wconf 82' lang='lat' dir='ltr'><strong>tractatu</strong></span> <span class='ocrx_word' id='word_1_302' title='bbox 1113 4281 1170 4330; x_wconf 86' lang='lat' dir='ltr'><strong>ente</strong></span> <span class='ocrx_word' id='word_1_303' title='bbox 1179 4278 1222 4329; x_wconf 86' lang='lat' dir='ltr'><strong>eli·</strong></span> 
     </span>
     <span class='ocr_line' id='line_1_37' title="bbox 113 4355 938 4424; baseline -0.01 -14"><span class='ocrx_word' id='word_1_304' title='bbox 113 4359 164 4422; x_wconf 68' lang='lat' dir='ltr'><strong>m</strong></span> <span class='ocrx_word' id='word_1_305' title='bbox 175 4369 257 4410; x_wconf 76' lang='lat' dir='ltr'><strong>mos</strong></span> <span class='ocrx_word' id='word_1_306' title='bbox 273 4356 358 4420; x_wconf 83' lang='lat' dir='ltr'><strong>edito,</strong></span> <span class='ocrx_word' id='word_1_307' title='bbox 375 4357 400 4408; x_wconf 86' lang='lat' dir='ltr'><strong>in</strong></span> <span class='ocrx_word' id='word_1_308' title='bbox 414 4355 555 4424; x_wconf 83' lang='lat' dir='ltr'><strong>oppositum</strong></span> <span class='ocrx_word' id='word_1_309' title='bbox 571 4357 722 4422; x_wconf 84' lang='lat' dir='ltr'><strong>propendere</strong></span> <span class='ocrx_word' id='word_1_310' title='bbox 740 4357 809 4409; x_wconf 82' lang='lat' dir='ltr'><strong>visus</strong></span> <span class='ocrx_word' id='word_1_311' title='bbox 824 4356 938 4408; x_wconf 66' lang='lat' dir='ltr'><strong>fuerim.»</strong></span> 
     </span>
    </p>
   </div>
   <div class='ocr_carea' id='block_1_4' title="bbox 0 0 1409 5062">
    <p class='ocr_par' dir='ltr' id='par_1_7' title="bbox 0 0 1409 5062">
     <span class='ocr_line' id='line_1_38' title="bbox 0 0 1409 5062; baseline 0 0"><span class='ocrx_word' id='word_1_312' title='bbox 0 0 1409 5062; x_wconf 95' lang='lat' dir='ltr'><strong> </strong></span> 
     </span>
    </p>
   </div>
  </div>
 </body>
</html>
