2804 5062
207 382 614 437 cnr.1u.orecce.rorcsr.
628 382 826 432 mserum.
840 383 1087 434 enimomnes.
1099 384 1146 434 ιιι.
1177 362 1245 433 lii

155 501 315 602 episcopi,
335 528 411 575 oum
436 502 509 576 suis
525 501 683 586 vicariis,
706 502 845 574 seorsim
869 502 905 574 in
923 502 995 575 suis
1013 502 1243 591 dioecesibus,

151 616 264 714 singuli
297 643 361 716 pro
385 642 452 691 suo
477 616 635 703 arbitrio,
670 616 862 690 huiusmodi
893 616 1085 704 licentiam
1118 618 1249 715 ingruet

148 733 287 830 prolecto
304 749 373 806 tota
399 731 564 830 gallicana
588 732 715 805 ditione
746 732 926 807 admodum
956 733 1192 807 exuberantior
1215 750 1249 808 et

145 847 360 921 inordinatior
376 848 462 919 inter
479 864 544 934 tot,
566 864 701 947 tamque
718 847 853 920 diversa
870 847 954 931 sibi,
974 846 1119 947 aliisque
1136 847 1248 921 indul-

143 962 286 1058 gentium
311 962 534 1063 praelatorum
563 963 673 1063 capita
699 963 732 1035 in
760 961 1000 1062 dispensandis
1025 962 1248 1035 matrimoniis

141 1076 288 1150 licentia.
316 1077 407 1164 Quin
427 1079 547 1165 etiam,
574 1079 679 1177 siper
699 1077 892 1152 universum
919 1104 1056 1176 regnum
1076 1079 1141 1153 ista
1159 1079 1249 1151 inea·

143 1192 280 1266 lascsret
299 1196 509 1268 consuetudo
530 1195 645 1293 (quod
670 1193 795 1267 malum
812 1195 902 1266 Deus
927 1199 1093 1289 auertat),
1119 1195 1249 1268 contin-
1294 1278 1297 1286 .

144 1324 230 1404 geret
261 1309 398 1382 demum
423 1327 462 1382 ut
484 1309 625 1409 quilibet
655 1309 733 1382 laici
765 1309 864 1382 etiam
898 1309 1169 1383 subalternorum
1191 1309 1251 1382 tri*

144 1422 317 1497 bannalium
335 1424 486 1511 iudices,
503 1451 562 1524 per
575 1425 765 1525 captionem
779 1439 812 1498 et
824 1424 1072 1498 distractionem
1085 1423 1248 1498 bononem

144 1537 406 1638 episcopalium,
435 1539 597 1638 ipsosmet
620 1540 798 1638 episcopos
823 1554 998 1637 cogerent,
1025 1566 1085 1638 pro
1111 1566 1173 1614 suo
1195 1567 1250 1639 pe

146 1652 280 1740 culiari,
307 1670 366 1727 aut
389 1654 593 1738 amicorum,
618 1670 675 1727 aut
695 1652 840 1754 partium
864 1653 1102 1755 postulantium
1130 1655 1250 1728 affectu

146 1767 256 1842 edsio
280 1768 570 1869 dispensandum,
599 1770 688 1843 sicut
712 1768 907 1842 iamdudum
935 1768 1139 1866 compellunt
1166 1769 1251 1841 invi-

149 1897 195 1956 tos
211 1883 258 1956 ad
276 1883 456 1957 monitoria
481 1901 514 1957 et
529 1884 898 1956 excommunicationes
914 1883 1163 1966 decernendas;
1184 1883 1250 1956 sio-

150 2023 205 2096 que
229 1997 345 2072 simile
372 1999 456 2098 quid
479 1999 547 2072 illis
572 1998 744 2073 obveniret
759 1998 896 2071 divinae
917 1998 1107 2096 buioepud
1129 1998 1250 2070 isaiam

150 2113 419 2187 comminationi:
445 2114 512 2187 Pro
530 2141 565 2186 eo
592 2113 677 2213 qaod
698 2115 816 2186 abiecit
832 2114 974 2211 populus
995 2115 1055 2186 iste
1067 2139 1188 2211 <equos
1201 2115 1252 2186 Si·

152 2228 207 2315 loc,
235 2256 322 2328 pace
347 2228 473 2300 eodum
500 2256 572 2302 cem
594 2230 748 2312 silentio,
774 2244 915 2328 propter·
936 2230 992 2301 boc
1022 2255 1090 2300 ecce
1115 2227 1253 2300 addocet

151 2343 300 2417 domm
311 2370 412 2442 cuper
427 2370 479 2417 eos
491 2370 597 2442 squas
609 2344 755 2443 fluminis
767 2346 866 2443 sortes
885 2358 915 2416 et
927 2345 1064 2417 multos„
1089 2343 1147 2416 Sic
1161 2343 1251 2416 enim

151 2475 320 2534 renuentes
347 2459 412 2532 hac
431 2460 467 2531 iu
493 2475 587 2558 parte
613 2485 750 2532 summo
765 2459 977 2533 uniuersalis.
990 2459 1152 2533 ecclesiae
1169 2484 1253 2557 pon-

151 2574 222 2649 tifici
242 2574 390 2662 subiici,
415 2574 658 2674 compelluntur
674 2574 909 2672 indignissime
928 2575 1086 2648 laicorum
1104 2574 1253 2647 iudicum

150 2689 335 2766 infimorum
353 2690 496 2764 decretis
509 2689 757 2789 obtemperare,
773 2707 830 2764 aut
844 2691 1052 2791 propriorum
1067 2691 1250 2775 fructuum,

150 2806 179 2877 ni
199 2822 359 2906 pereunt,
382 2806 657 2905 interceptionem
684 2832 729 2879 ac
745 2807 962 2906 privationem
985 2807 1053 2906 pati
1073 2811 1192 2903 (bb).n

212 2922 307 2995 limo
328 2936 440 2994 autem
467 2921 609 2994 mirifice
634 2922 873 2995 confirmantur
892 2948 932 2994 ex
953 2923 1015 3010 iis,
1044 2948 1131 3020 quac
1153 2922 1254 3020 paulo

149 3052 218 3109 ante
231 3035 407 3109 innuimus
421 3036 465 3108 de
481 3036 641 3135 episcopo
654 3053 841 3134 augustano
855 3036 888 3108 in
902 3037 1045 3110 concilio
1058 3037 1250 3120 tridentium

150 3151 201 3249 qni
221 3150 378 3250 patribus
405 3151 512 3224 suasit
531 3177 574 3224 ne
586 3150 754 3251 episcopis
769 3151 913 3249 singulis
931 3151 1070 3224 facultas
1093 3149 1255 3222 tribuere·

150 3282 198 3338 tur
225 3267 363 3340 lauandi
389 3267 425 3339 in
454 3283 574 3365 quarto
602 3267 722 3363 gradu.
752 3267 822 3341 Hac
854 3267 942 3339 enim
969 3264 1129 3338 laoultate
1151 3264 1257 3337 semel

150 3381 312 3480 episcopis
334 3405 516 3468 concessa,
543 3381 599 3453 vix
617 3398 726 3454 actum
745 3407 811 3453 non
836 3396 927 3452 esset
950 3379 1001 3451 de
1017 3378 1081 3450 hac
1102 3375 1254 3477 discipli-

152 3511 348 3595 casperio,
381 3521 470 3594 quae
495 3511 604 3568 tamen
630 3494 723 3568 cordi
750 3512 820 3568 crat
844 3493 986 3567 concilio
1011 3494 1189 3579 universo,
1215 3517 1258 3566 ac

153 3611 285 3705 proinde
308 3636 411 3707 grate
434 3609 557 3682 vulnus
583 3610 692 3683 eidem
719 3609 837 3682 luisset
868 3609 1029 3682 inllictnm
1054 3611 1147 3704 (ti).
1171 3608 1259 3680 (lum

209 3780 260 3840 (eo)
279 3779 391 3830 Titeoria
406 3782 432 3830 et
442 3782 540 3842 procis
554 3782 621 3830 iaris
636 3793 733 3830 conon.
746 3779 788 3829 lib.
803 3782 846 3829 lii.
859 3793 912 3843 cap.
926 3784 963 3830 27.
978 3781 1092 3842 postest.
1106 3786 1131 3829 5.

209 3861 260 3920 (si)
274 3860 315 3909 Sic
335 3857 402 3908 culm
420 3861 499 3908 totam
518 3860 607 3908 rem-in
623 3872 669 3909 sua
689 3859 752 3908 Hist.
770 3872 840 3909 cono.
860 3859 960 3908 trident.
974 3859 1018 3908 lib
1039 3860 1127 3908 xxiii.
1145 3870 1199 3919 cap.
1212 3859 1255 3908 tlt.

154 3948 173 3984 ι.
186 3942 218 3988 ti.
234 3939 310 3988 retent
326 3937 394 3987 wd.
407 3937 598 3988 Peuavtctniss:
616 3938 726 3989 «Perclie
741 3939 781 4001 pol
798 3938 901 3988 abbiano
916 3952 931 3988 a
944 3952 971 3988 se
988 3937 1126 3987 risereatei
1143 3937 1259 3999 pontefici

154 4012 296 4068 inundata
314 4016 492 4080 dispensationi
513 4016 629 4081 lasciero,
645 4018 690 4068 che
706 4019 730 4068 lo
741 4018 846 4068 dichiart'
861 4018 979 4081 liparere
991 4017 1086 4066 deltos
1103 4016 1257 4068 obbracciato

156 4091 289 4146 buddo
307 4094 336 4145 dl
355 4095 523 4146 Memnonio
540 4096 622 4146 llobbn
639 4109 744 4147 vescovo
757 4096 782 4147 di
794 4100 882 4159 ngostt
897 4094 1079 4146 ambasciadora
1093 4095 1136 4147 dcl
1153 4095 1258 4146 decadi

157 4175 249 4239 moia,
263 4176 282 4226 u
300 4176 374 4241 quale
392 4175 573 4240 proponendosi
585 4176 654 4239 quivi
664 4196 670 4226 ι
682 4177 728 4227 cbc
743 4177 840 4228 dorsuo
854 4177 878 4226 la
889 4176 990 4240 podestt
1006 4175 1046 4226 del
1058 4176 1197 4240 dbpcnsnre
1215 4177 1255 4228 nel

157 4257 232 4312 tutto
245 4255 323 4319 pado
338 4256 358 4305 ι’
368 4269 566 4306 sccomunasm
577 4256 688 4319 resnou,
703 4255 832 4307 considero
842 4268 907 4306 ceter
923 4257 1010 4319 questo
1028 4255 1091 4306 assai
1107 4256 1256 4306 contemtor

159 4331 280 4397 &brissei
292 4335 395 4399 volere,
405 4334 616 4402 ladispensncioui
628 4334 687 4386 larci
698 4334 724 4385 dl
735 4335 809 4387 rado:
823 4335 977 4400 imperoccbb
987 4349 1036 4386 uua
1048 4349 1091 4401 per
1100 4335 1257 4407 ecscorocbe
