2804 5062
184 377 741 450 mr.tr.nsnra.msarr.rrtr.sr
756 393 892 446 vsnuuu
906 393 1140 448 ceramum.
1170 375 1238 446 stt

127 543 215 619 qnae
237 516 282 589 ds
304 514 524 589 sacramentis
541 513 818 587 administrandis
835 514 888 587 vel
907 515 1126 590 conficiendis
1142 532 1176 590 et
1193 543 1240 590 re

130 633 278 735 spective
294 631 338 704 de
354 629 567 703 matrimonio
592 628 840 717 contrahendo,
866 655 933 703 non
948 656 1027 705 vero
1044 630 1087 703 de
1106 631 1173 705 iarn
1189 658 1241 706 ca·

128 746 275 834 labrato,
301 745 510 845 loquitur...
523 744 588 816 Alii
606 770 685 818 vero
702 761 857 831 censent,
886 761 1077 845 praestare,
1097 761 1134 821 ut
1151 773 1240 821 sum·

127 889 201 937 mus
220 860 373 962 pontifex
391 886 549 959 suprema
565 885 629 933 sua
647 861 843 934 auctoritate
858 860 1058 958 coniugibus
1070 863 1242 938 conversis

127 978 304 1077 indulgeat
314 977 350 1049 in
364 976 578 1051 matrimonio
589 975 755 1049 celebrato
768 1001 879 1050 coram
892 976 1046 1051 ministro
1059 976 1239 1064 haeretico,

127 1094 228 1169 etiam
257 1092 349 1167 dicto
371 1117 540 1166 consensu
567 1116 633 1165 non
660 1092 798 1179 iterato,
827 1118 1068 1191 permanare...
1081 1108 1115 1168 st
1131 1119 1238 1180 sans,

128 1211 216 1285 sicut
237 1235 393 1283 summus
418 1208 588 1309 pontifex,
615 1224 832 1283 concurrente
856 1208 1006 1307 legitima
1030 1234 1152 1296 causa,
1181 1235 1242 1310 po·

128 1341 191 1401 test
205 1324 457 1398 matrimonium
471 1324 601 1397 irritum
614 1340 751 1424 propter
763 1323 928 1398 deiectum
943 1324 1153 1425 praesentiae
1165 1350 1243 1424 pro·

125 1441 191 1542 prii
209 1439 374 1540 parochi,
393 1438 446 1514 val
463 1438 508 1513 ob
525 1439 618 1513 aliud
645 1438 789 1540 quodvis
814 1439 1092 1539 impedimentum
1109 1441 1153 1514 de
1168 1440 1242 1515 iure

125 1573 257 1633 tantum
274 1555 516 1645 ecclesiastico,
536 1556 786 1631 matrimonium
803 1556 1019 1630 dirimensia
1035 1556 1145 1631 radice
1163 1582 1243 1632 con·

125 1673 278 1749 validat-e
283 1730 355 1746 .....
364 1672 416 1745 ita
428 1671 680 1772 ponderandam
694 1689 761 1761 est,
779 1699 860 1746 num
872 1672 908 1744 id
920 1671 1068 1770 generali
1082 1672 1242 1772 quopiam

125 1789 262 1864 decreto
280 1788 353 1861 ficri
371 1787 532 1887 expediat·
545 1814 606 1887 pro
623 1787 780 1876 casibus,
801 1792 888 1888 quos
906 1788 953 1860 ita
970 1786 1153 1885 generatim
1170 1788 1243 1886 epi-

125 1929 252 2004 scopus
271 1902 452 1978 consilium
466 1929 507 1977 ac
520 1904 704 1978 remedium
723 1902 898 2003 postulans
916 1903 1051 2003 exponit
1068 1901 1103 1974 in
1121 1902 1164 1975 iis
1181 1927 1242 2002 po-

125 2018 300 2093 tissimum
322 2017 602 2106 circumstantiis,
623 2017 799 2118 inquibus
818 2015 1043 2117 sacilcpatet,
1064 2017 1242 2114 coniugem

125 2133 353 2211 watholicum
381 2132 476 2209 nulla
499 2135 627 2208 ratione
653 2135 697 2207 ab
723 2134 893 2208 haeretica
922 2134 1085 2234 pravitate
1110 2132 1242 2208 resilire

125 2251 228 2338 vella,
250 2275 329 2324 cum
354 2250 397 2324 ds
421 2264 531 2325 cetero
548 2251 584 2323 in
601 2250 783 2351 praecitata
801 2250 1011 2336 traiectensi,
1030 2248 1090 2322 ubi
1108 2265 1240 2349 practer

127 2365 269 2441 dubium
295 2390 501 2439 concernens
525 2365 733 2439 validitatem
758 2365 962 2438 matrimonii
987 2365 1074 2438 inter
1097 2364 1242 2439 haereti-

126 2506 201 2556 cum
219 2497 255 2554 et
272 2480 471 2555 catholicam
484 2481 576 2568 initi,
592 2480 784 2554 discussum
806 2506 940 2580 quoque
958 2479 1035 2567 suit,
1058 2505 1138 2553 num
1156 2506 1242 2580 qua·

130 2613 223 2672 caus
240 2594 430 2670 invalidum
448 2595 531 2668 illud
549 2596 774 2683 iudicaretur,
798 2595 1013 2669 concedenda
1029 2609 1120 2668 esset
1137 2595 1241 2668 facul·

132 2726 176 2786 tas
191 2726 294 2787 cante
310 2710 492 2785 renovandi
517 2736 720 2786 consensum
741 2736 854 2784 coram
881 2708 1027 2808 parocho
1051 2708 1239 2798 catholico,

134 2849 196 2901 sac.
207 2852 370 2924 congreg.
382 2823 526 2899 noluerit
537 2825 713 2925 quidpiam
726 2825 816 2899 circa
830 2824 864 2896 id
878 2823 1095 2925 respondere,
1111 2826 1243 2900 tametsi

137 2940 384 3015 matrimonium
402 2938 531 3012 irritum
548 2965 626 3013 esse
642 2940 849 3013 censuerit.»

196 3053 350 3127 Alterum
377 3053 467 3153 quod
493 3053 759 3127 animadvertere
789 3054 888 3127 nobis
919 3053 1158 3153 proposuimus
1183 3053 1243 3128 illa

135 3185 257 3269 spectat
280 3167 460 3266 coniugia,
489 3167 678 3268 quaelicet
702 3168 746 3241 ab
771 3169 866 3243 initio
892 3167 985 3240 nulla
1010 3168 1158 3255 inerint,
1189 3184 1241 3242 ut·

136 3300 203 3382 pote
228 3281 400 3358 celebrata
423 3308 536 3357 coram
558 3272 726 3357 haeretico
751 3283 905 3357 ministro
930 3282 966 3354 in
991 3281 1187 3378 regionibus
1207 3282 1242 3355 in

135 3399 253 3498 quibus
272 3398 481 3499 publicatum
498 3415 550 3473 est
567 3399 785 3472 tridentinum
809 3399 979 3472 decretum
1005 3399 1163 3482 Tametsi,
1184 3397 1243 3471 de·

136 3511 206 3588 inde
221 3513 338 3589 valida
354 3514 443 3588 sacta
459 3532 557 3601 sunt,
574 3515 605 3588 si
618 3530 796 3588 renovatus
809 3529 928 3614 postea
939 3513 1040 3586 suerit
1056 3538 1243 3587 consensus

135 3652 240 3704 turam
266 3629 340 3704 solo
365 3630 520 3703 ministro
544 3645 764 3730 protestante,
795 3645 853 3702 aut
880 3628 1015 3728 publico
1045 3629 1242 3725 magistratu

134 3742 221 3821 iuxta
245 3745 363 3820 civiles
389 3743 497 3843 leges,
518 3745 577 3819 ubi
600 3745 684 3819 illud
705 3745 875 3819 decretum
903 3743 1149 3844 promulgatum
1175 3768 1242 3816 non

133 3878 190 3935 est.
211 3861 286 3934 Hoc
312 3861 490 3959 perspicua
515 3861 743 3958 significatum
770 3859 934 3933 habemus
961 3858 996 3930 in
1021 3858 1125 3931 variis
1152 3883 1244 3932 reso-

133 3974 314 4051 dationibus
333 4003 355 4051 a
372 3991 489 4052 sancta
505 3976 587 4050 sade
603 3976 752 4050 emissis.
770 3978 838 4050 Nos
859 3973 1002 4072 exempli
1019 3999 1123 4049 causa
1140 4000 1243 4049 unam

130 4107 186 4166 aut
209 4091 351 4165 alteram
370 4091 426 4166 hic
444 4091 511 4164 iam
531 4091 744 4164 subiicimus.

201 4208 321 4307 itaque
347 4207 555 4308 propositum
574 4207 637 4280 fuit
656 4232 834 4306 supremae
852 4232 900 4280 ss.
915 4205 1146 4305 inquisitionis
1164 4230 1244 4280 con·

125 4323 316 4424 gragaticni
350 4322 492 4398 dubium
521 4322 565 4397 ab
594 4320 731 4398 officiali
762 4322 963 4398 dioecesano
992 4321 1173 4422 parisiensi
1201 4321 1245 4395 de
