2804 5062
328 376 398 425 cir.
420 378 443 425 1.
466 376 540 425 orn.
561 377 633 426 ross
660 376 786 426 rorrsr.
810 377 935 428 scores.
958 379 1028 429 cnr.
1046 383 1080 431 u.
1214 361 1258 432 2³

147 497 232 569 enim
254 512 288 567 et
310 493 474 568 ecclesiae
496 493 538 566 ad
565 495 777 568 securitatem
807 512 859 568 est
886 495 988 584 utile,
1021 514 1055 571 et
1084 497 1261 576 haereticis

146 638 213 684 non
230 609 325 683 dabit
347 610 512 682 adversus
534 634 595 681 nos
615 635 749 696 ansam,
775 610 873 709 quasi
899 637 958 709 per
979 614 1141 712 peccandi
1161 613 1263 690 liber·

146 743 243 800 tatem
262 726 392 817 aduos
413 724 621 798 attrahamus
638 728 752 820 (25).»
768 724 885 799 Cetera
902 753 991 826 quae
1005 729 1047 802 de
1059 730 1163 804 uariis
1181 756 1260 804 con·

144 841 244 939 iugiis
267 841 409 913 disserit
423 866 453 912 s.
471 855 565 940 pater
576 840 612 910 in
625 854 768 939 utraque
785 843 946 914 canonica
965 844 1110 945 epistola
1126 845 1262 920 silentio

141 973 330 1056 praetereo.
358 954 457 1026 Plura
484 955 562 1026 item
592 955 837 1027 constituerunt
868 983 951 1029 rom.
973 958 1150 1056 pontifices
1174 960 1263 1034 circa

142 1072 304 1171 nuptias,
335 1071 423 1142 inter
448 1096 534 1169 quos
555 1095 584 1142 s.
601 1070 752 1169 Syricius
777 1070 811 1142 in
838 1071 982 1170 epistola
1006 1074 1049 1147 ad
1075 1074 1262 1150 Himerium

143 1186 344 1283 episcopum
366 1200 638 1258 tarraconensem
657 1184 788 1257 irritum
811 1185 960 1261 declarat
981 1188 1174 1286 coniugium
1191 1215 1263 1264 mo-

143 1301 355 1383 nachorum,
384 1316 484 1398 prout
508 1300 635 1372 iamdiu
666 1318 836 1400 receptum
865 1317 935 1375 erat
960 1303 1032 1377 sive
1051 1304 1087 1376 in
1108 1305 1262 1380 orientali

143 1416 214 1488 sive
232 1416 270 1486 in
289 1413 492 1488 occidentali
510 1414 653 1488 ecclesia
676 1417 765 1510 (26),
782 1442 843 1489 neo
857 1442 923 1489 non
938 1417 1149 1492 sacerdotum
1164 1445 1204 1493 ac
1215 1418 1263 1496 le-

145 1532 393 1625 vitarum(2'l)‚
406 1528 546 1629 perinde
564 1554 603 1603 ac
616 1530 650 1602 in
663 1529 805 1630 epistola
820 1532 862 1604 ad
875 1531 973 1606 illros
995 1535 1082 1629 (28).
1100 1534 1150 1606 lta
1161 1534 1264 1608 etiam

146 1671 182 1718 se
201 1645 313 1743 gessit
332 1670 362 1717 s.
385 1644 600 1720 Innocentius
624 1646 650 1716 l.
676 1647 765 1741 (29),
781 1661 814 1719 et
832 1647 938 1719 abeo
950 1647 994 1718 ll.
1011 1649 1100 1743 (3d);
1117 1663 1154 1721 ut
1170 1649 1264 1723 omit-

146 1777 228 1846 tam,
250 1785 343 1860 quae
357 1775 547 1833 statuerunt
563 1761 707 1835 concilia
725 1786 812 1861 quaa
832 1779 951 1861 quarto
962 1772 998 1835 et
1008 1763 1126 1861 quinto
1149 1762 1264 1837 seculo

145 1875 312 1950 celebrata
330 1892 429 1962 sunt,
450 1902 525 1949 cum
552 1875 595 1950 de
616 1877 672 1950 his
692 1894 810 1976 postea
832 1893 980 1950 recurrat
1000 1902 1110 1949 sermo
1129 1876 1264 1976 quando

148 1991 191 2063 de
219 1991 471 2091 impedimentis
497 1990 755 2079 dirimentibus,
787 1992 1049 2090 eorumdemque
1073 1992 1265 2068 statuendo·
1378 2057 1379 2060 ,

152 2132 226 2179 rum
252 2123 418 2207 potestate
443 2109 649 2184 disseremus
667 2111 756 2205 (31).

220 2223 270 2293 Ex
296 2222 353 2295 his
371 2223 611 2311 nihilominus,
632 2251 720 2324 quae
737 2223 900 2297 hactenus
918 2225 1119 2325 protulimus
1138 2242 1195 2298 aut
1212 2225 1265 2297 in-

148 2338 347 2424 dicarimus,
364 2340 447 2412 satis
464 2356 606 2438 apparet
617 2340 741 2413 veritas
755 2365 882 2427 eorum,
900 2366 987 2439 quae
1005 2340 1261 2428 affirmavimus,

150 2471 214 2527 tum
237 2480 362 2554 nempe
375 2481 396 2527 a
407 2455 516 2555 prima
535 2455 698 2529 ecclesiae
714 2456 865 2554 periodo,
882 2483 970 2555 quae
990 2456 1054 2530 sub
1073 2455 1264 2557 principum

150 2571 385 2667 persecutione
405 2571 577 2657 decurrit,
603 2587 672 2643 tum
695 2573 730 2642 in
751 2571 874 2659 altera,
905 2598 992 2674 quae
1017 2571 1167 2672 ipsorum
1187 2597 1265 2646 con·

150 2685 336 2759 versionem
362 2685 557 2759 subsecuta·
571 2701 642 2774 est,
672 2687 848 2760 ecclesiam
872 2712 935 2760 suo
957 2688 1111 2774 nomino,
1135 2711 1266 2787 suaque

151 2801 366 2886 auctoritate,
389 2826 428 2874 ac
448 2802 523 2874 sine
542 2801 610 2875 ullo
629 2801 673 2874 ad
695 2801 863 2900 politicam
886 2815 1082 2902 potestatem
1109 2816 1264 2901 respectu

152 2915 397 3014 legislationem
425 2918 597 3017 propriam
623 2919 839 2992 constituisse
861 2918 951 2991 circa
973 2917 1123 2991 fidelium
1149 2917 1268 2992 coniu-

151 3033 263 3129 gium,
289 3033 382 3133 quod
403 3033 525 3130 iugiter
541 3036 591 3107 uti
614 3050 858 3107 sacramentum
877 3033 943 3106 sibi
961 3030 1267 3106 administrandum

154 3173 190 3221 ac
213 3148 461 3222 moderandum
488 3174 507 3221 a
532 3149 667 3222 Christo
695 3150 854 3222 traditum
882 3149 1064 3248 spectavit,
1089 3148 1172 3247 quin
1198 3145 1268 3221 ullo

154 3264 251 3339 modo
272 3264 367 3338 civili
390 3265 544 3365 potestati
569 3265 801 3339 subiiceretur.

223 3464 276 3526 (25)
292 3463 368 3526 Epist.
381 3464 532 3513 clxxvlll.
544 3475 600 3512 can.
612 3469 636 3512 c.
647 3465 684 3512 lle
697 3461 782 3513 codem
801 3461 944 3522 argumento
958 3458 1059 3510 disserit
1068 3460 1094 3510 in
1107 3459 1184 3510 altera
1196 3458 1268 3524 epist.

150 3543 191 3592 cit.
201 3556 258 3593 can.
274 3549 312 3593 ta.
326 3540 393 3600 Quid
404 3545 594 3593 canonicorum
605 3543 704 3592 nomine
714 3555 735 3592 s.
748 3540 851 3591 Basilius
863 3539 997 3604 significet,
1009 3540 1151 3604 ambignum
1165 3539 1270 3591 ridetur.

151 3627 259 3674 zonam
274 3626 301 3674 et
312 3622 443 3674 Balsamon
461 3625 613 3674 metendum
626 3623 673 3674 sub
687 3624 734 3674 hac
745 3622 907 3686 appellatione
921 3622 1042 3686 designari
1056 3622 1171 3682 clsrlcos‚
1185 3633 1269 3671 mona·

152 3705 212 3756 citos
221 3718 251 3755 ac
261 3705 371 3768 virgines
380 3707 432 3755 Deo
441 3708 608 3768 consecratam
619 3709 645 3755 at
654 3705 781 3755 maurinus
790 3703 870 3754 editor
878 3703 943 3755 solas
955 3703 1061 3767 vlrgines
1071 3715 1154 3754 sacras
1162 3699 1270 3752 ostendit

152 3783 286 3848 dalmati.
779 3794 784 3804 ·

227 3866 278 3928 (lo)
295 3866 369 3929 Epist.
379 3867 421 3915 Vl.
434 3866 498 3928 apud
509 3867 629 3916 coustant
638 3868 722 3930 Epist.
733 3877 798 3915 rom.
806 3863 904 3928 pontis.
916 3864 964 3914 col.
976 3870 1030 3914 ola.
1080 3885 1081 3889 ¹
1102 3908 1105 3915 .

228 3947 281 4008 (27)
296 3945 360 3994 lbid.
374 3959 429 4008 cap.
441 3948 495 3994 vll.
1097 3938 1101 3946 ’

226 4026 278 4085 (ta)
294 4023 357 4075 lbid.
370 4024 448 4088 Epist.
461 4028 492 4075 v.
504 4038 557 4087 cap.
569 4026 601 4074 ll.
612 4038 638 4074 u.
650 4032 673 4074 a.
686 4023 734 4074 orl.
745 4031 799 4074 css.

228 4107 280 4167 (29)
296 4104 374 4169 epist
386 4104 418 4155 ad
430 4105 537 4155 Probum
547 4104 596 4155 col.
606 4111 661 4156 909.

228 4185 281 4246 (30)
296 4187 374 4248 Epist.
387 4182 419 4234 ad
433 4184 560 4234 llosllcum
573 4183 647 4234 llarb.
657 4183 698 4234 ed.
709 4183 824 4234 Ballcrin.
833 4182 953 4232 cthVll.
964 4193 987 4230 c.
1000 4188 1023 4231 a.
1033 4180 1081 4230 col.
1098 4184 1156 4231 titt
1171 4193 1240 4244 moa.

225 4268 277 4330 (ct)
293 4268 396 4316 interim
406 4265 446 4316 ct.
456 4265 557 4315 Bianclrt
569 4263 647 4315 Delta
658 4265 762 4329 poterit
772 4278 785 4315 a
797 4263 871 4314 dello
882 4262 990 4327 politio
1000 4261 1074 4313 delto
1090 4262 1187 4313 colera.
1199 4264 1276 4312 noma

158 4351 225 4399 tiso.
235 4350 299 4398 torn.
311 4349 343 4396 V.
358 4359 410 4409 por.
422 4348 454 4396 ll.
464 4359 518 4408 cap.
530 4353 555 4394 s.
566 4344 590 4407 §.
606 4353 624 4395 t.
