2804 5062
142 346 219 419 stt.
389 369 451 419 ιιι.
471 367 506 421 ιι.
527 367 657 419 sacru.
678 367 718 418 na
736 367 864 418 rorssr.
886 366 1014 420 accsm.

141 501 281 560 tractum
306 485 433 573 fuisse,
448 484 645 561 stridentes
667 484 1126 587 publicamsupplicantium
1139 484 1243 564 colu·

140 601 336 677 bitationem
357 603 483 698 (36).»
927 607 930 611 ’

220 718 290 790 lam
319 714 411 816 quod
436 714 553 789 attinet
577 715 621 790 ad
647 714 786 788 alteram
814 714 1046 815 quaestionem
1076 715 1123 788 de
1149 715 1246 817 prolis

141 830 371 929 legitimitate,
399 827 560 903 nonnulla
573 828 616 902 iis
628 854 717 929 quae
737 827 885 903 diximus
902 827 1060 902 addenda
1076 845 1172 903 sunt.
1193 831 1249 906 Po'·

141 944 293 1021 tissimus
319 944 458 1019 effectus
485 943 671 1019 sanationis
703 943 908 1018 matrimonii
934 943 970 1016 in
998 943 1116 1019 radice
1140 960 1196 1020 est
1209 944 1249 1022 le·

142 1061 304 1159 gitimatio
317 1060 441 1161 prolis,
462 1084 550 1158 quae
562 1057 712 1159 alioquin
727 1059 811 1133 [oret
823 1057 1020 1158 illegitima,
1047 1075 1169 1161 utpote
1182 1077 1249 1137 orta

142 1201 183 1250 ex
207 1174 380 1272 illegitimo
407 1174 574 1272 coniugio.
604 1175 675 1247 lam
699 1200 778 1250 vero
802 1175 887 1249 haec
903 1174 1031 1250 sobolis
1054 1173 1250 1274 legitimatio

142 1289 269 1391 duplici
296 1288 361 1365 sub
378 1306 531 1390 respectu
548 1290 693 1390 spectari
719 1305 852 1390 potest;
881 1291 1040 1365 nimirum
1057 1292 1134 1368 sive
1154 1292 1250 1369 relato

142 1405 186 1479 ad
204 1405 351 1507 prolem,
379 1431 468 1506 quae
484 1419 657 1505 procreata
674 1414 726 1481 est
742 1421 820 1505 post
835 1406 1046 1502 sanationem
1065 1406 1105 1481 iu
1121 1407 1246 1498 radios,

142 1521 215 1596 sive
232 1519 334 1594 relate
350 1519 394 1593 ad
412 1520 505 1594 illam
523 1546 611 1621 quae
635 1537 709 1596 orta
733 1521 800 1595 iam
825 1538 897 1597 erat
914 1534 991 1597 ante
1011 1522 1185 1599 eiusmodi
1201 1549 1249 1600 st-

142 1635 323 1710 nationem.
353 1637 453 1710 Porro
477 1635 609 1710 sanatio
626 1635 752 1724 efficit,
779 1652 899 1711 utnon
916 1637 1016 1713 modo
1033 1636 1186 1715 infantes
1196 1636 1246 1740 qui

144 1768 221 1851 post
237 1752 446 1826 sanationem
471 1752 621 1826 oriantur
645 1749 785 1850 legitimi
802 1752 888 1840 sint,
908 1750 969 1827 sed
985 1767 1024 1826 ut
1045 1753 1173 1841 edam,
1197 1750 1248 1855 qui

146 1883 241 1942 erant
257 1867 351 1969 prius
369 1867 432 1942 orti
446 1892 487 1940 er
508 1865 681 1962 illegitima
694 1866 949 1954 coniunctione,
968 1865 1248 1943 habeanturtam·

145 2008 246 2083 quam
259 1983 411 2081 legitimi,
423 1998 524 2083 atque
537 1982 701 2084 procreati
714 2009 755 2055 ex
766 1980 915 2080 legitimo
928 2007 1069 2083 prorsus
1083 1982 1244 2082 coniugio.

216 2098 390 2175 Eiusmodi
403 2098 601 2197 legitimatio
614 2123 655 2172 ea
667 2113 735 2186 est,
752 2123 860 2197 quae,
876 2112 914 2170 ut
925 2096 1077 2171 diximus
1091 2096 1128 2170 in
1141 2121 1243 2198 praet.

143 2212 316 2288 articuloa
332 2213 514 2287 canonistis
527 2213 721 2312 plenissimo
742 2227 978 2312 nuncupatur,
1006 2210 1051 2285 ad
1070 2211 1248 2288 distinctio·

144 2357 219 2405 nem
236 2329 310 2404 eius
334 2354 422 2431 quae
447 2329 545 2403 datur
562 2356 623 2431 per
639 2328 839 2428 rescriptum
861 2354 882 2402 a
898 2327 1049 2426 legitimo
1061 2328 1242 2430 superiore,

142 2461 176 2518 et
200 2444 243 2518 ab
268 2471 308 2520 ea
325 2472 412 2545 quae
429 2445 580 2546 provenit
597 2471 638 2518 ex
655 2444 812 2542 coniugio
829 2443 1070 2544 subsequenti,
1101 2470 1143 2519 ac
1155 2446 1246 2546 pleat

142 2560 242 2658 vulgo
263 2559 386 2634 dicitur
406 2564 495 2658 (37).

214 2675 341 2749 Docent
366 2679 478 2776 itaque
503 2693 655 2752 auctores
685 2678 852 2751 communi
883 2702 1051 2751 consensu
1077 2700 1246 2766 summum

144 2791 336 2890 pontificem
361 2791 527 2866 eiusmodi
553 2793 727 2867 sanatione
748 2793 782 2864 in
809 2792 922 2866 radice
947 2793 1036 2867 lilios
1061 2788 1247 2893 illegitimos

143 2903 269 3006 ubique
302 2921 461 2978 terrarum
496 2905 613 2978 directe
645 2905 831 3003 legitimare
860 2933 961 3007 posse
995 2908 1110 3008 quoad
1139 2930 1247 2984 omncs

144 3022 335 3122 spirituales
365 3021 524 3109 effectus,
557 3048 728 3097 sacrorum
761 3023 916 3098 videlicet
945 3024 1125 3112 ordinum,
1156 3041 1247 3125 atquo

144 3136 382 3211 beneficiorum
404 3135 732 3226 ecclesiastieorum,
754 3138 844 3238 quod
862 3165 941 3213 vero
959 3154 1090 3238 spectat
1107 3137 1153 3212 ad
1174 3153 1248 3213 tem·

144 3253 278 3352 porales
306 3252 490 3353 civilesque
510 3252 647 3328 effectus
669 3253 790 3328 docent
818 3280 900 3328 rom.
930 3252 1124 3354 pontificem
1147 3252 1248 3352 lagiti-

145 3393 239 3440 mare
252 3366 446 3464 illegitimos
469 3367 557 3442 filios
576 3394 698 3466 posse,
715 3367 833 3440 directe
847 3367 985 3469 quidem
1002 3367 1038 3440 in
1056 3367 1157 3442 terris
1175 3383 1249 3443 tem-

144 3480 252 3578 porali
278 3508 359 3554 suae
390 3481 613 3556 iurisdictioni
646 3481 826 3570 subiectis,
855 3483 946 3556 iuxta
971 3509 1012 3555 ea
1041 3508 1132 3582 quac
1157 3482 1247 3582 plant

145 3594 348 3693 colliguntur
373 3623 413 3668 ex
438 3596 560 3670 celebri
579 3597 798 3695 responsione
824 3597 1009 3672 Innocentii
1027 3598 1088 3668 lll.
1119 3600 1155 3670 ιἰι
1180 3622 1244 3696 cap.

145 3713 211 3784 Per
230 3712 463 3795 venerabilem,
492 3713 551 3810 poi
567 3712 633 3810 fitis·
648 3715 715 3784 sint
741 3713 879 3811 legitimi
893 3715 981 3809 (38),
1003 3712 1247 3788 instinctorem

145 3828 272 3928 ubique
298 3843 480 3914 terrarum,
502 3853 562 3901 seu
580 3827 615 3898 in
633 3828 732 3902 terris
753 3827 882 3902 alienae
900 3826 1126 3903 iurisdictioni
1143 3820 1246 3928 quoad

144 3944 341 4045 temporalia
367 3943 542 4017 subiectis.
579 3942 713 4017 Scilicet
738 3942 953 4041 legitimando
982 3942 1109 4017 directe
1141 3943 1244 4017 coniu-

212 4171 263 4235 (to)
280 4174 384 4231 Quom.
397 4176 450 4224 527.

211 4253 263 4315 (ot)
276 4252 315 4303 cl.
332 4252 448 4304 Barbosa.
474 4254 539 4303 Vota
558 4251 665 4303 demate.
677 4256 703 4305 et
722 4253 872 4306 consulttco
893 4254 1010 4317 canente.
1023 4250 1067 4303 lib.
1080 4254 1112 4303 11.
1125 4264 1152 4302 ιι.
1164 4256 1200 4302 ts.

211 4333 262 4395 (tt)
278 4334 315 4384 tta
331 4331 421 4383 Beued.
434 4333 498 4384 xlv.
510 4333 612 4396 queat.
625 4330 667 4382 cit.
682 4335 734 4384 ttt.
