2804 5062
155 415 227 467 w.
239 413 296 465 vlt.
309 412 350 464 bt
363 413 458 465 mll-
470 413 569 464 tttrttt.
582 413 646 466 cu!
659 414 761 466 albat..
774 415 834 466 Vllh
846 415 910 466 tltt.
924 416 973 466 stt.
990 416 1061 467 aar.
1075 415 1111 467 11.
1154 394 1220 466 Ml

125 532 223 607 rimus
240 546 433 606 consertum
453 546 524 619 est;
542 531 623 632 quid
638 532 795 605 nimirum
817 533 1028 606 sentiendum
1042 534 1087 606 sit
1097 532 1141 607 de
1152 561 1228 607 con-

125 647 234 746 ugiis,
259 671 348 746 quae
374 646 447 720 sive
471 646 558 719 inter
581 671 619 720 se
645 647 717 721 sive
738 671 814 719 cum
835 646 1010 721 catholicis
1030 648 1230 722 contrahunt

125 763 253 864 [uidam
270 761 430 835 haeretiei
440 819 448 851 ,
460 762 520 863 qui
536 760 616 836 licet
632 762 817 837 christiano
835 763 970 837 nomino
987 764 1226 861 insigniuntur,

125 904 223 952 amen
253 876 450 951 infidelibus
482 904 622 979 prorsus
652 878 781 952 similes
809 894 868 952 aut
897 895 1061 978 respuunt
1092 880 1229 954 omnino

125 995 341 1095 baptismum,
362 1010 400 1068 ut
419 995 611 1096 Quaqueri,
636 995 869 1083 hlenuonitae‚
888 995 1226 1094 Swendenhorgiani,

125 1108 239 1210 diique
263 1109 450 1197 eiusmodi;
477 1125 537 1184 aut
561 1110 620 1209 qui
642 1110 717 1183 eius
742 1110 1067 1184 administrationem
1098 1111 1230 1210 penitus

125 1225 154 1300 le
169 1225 261 1300 sacto
280 1224 472 1322 negligrmt,
500 1241 538 1298 ut
562 1251 628 1298 non
654 1225 752 1326 pauci
778 1226 865 1297 inter
884 1242 1107 1324 protestantes
1124 1242 1230 1299 aetate

125 1366 176 1415 iac
207 1355 344 1427 nostra,
365 1355 436 1420 ,aut
460 1339 609 1414 invalido
634 1339 717 1413 illud
743 1341 919 1415 conserunt
942 1339 986 1415 ob
1015 1341 1229 1421 essentialem

125 1455 163 1530 rel
189 1456 319 1530 formae
341 1454 393 1531 vel
417 1456 576 1530 materiae
594 1455 773 1530 delectum.

183 1569 344 1654 Difficilis
365 1570 542 1646 solutionis
560 1572 714 1672 quaestio
726 1598 793 1645 non
809 1587 873 1660 est,
896 1572 1079 1673 dummodo
1096 1573 1131 1644 in
1148 1599 1230 1648 suas

125 1702 227 1762 unes
260 1686 486 1786 dispescatur.
515 1687 599 1760 Nam
625 1687 655 1761 si
682 1713 792 1762 sermo
821 1688 868 1760 sit
895 1686 939 1760 de
968 1686 1100 1761 illorum
1123 1705 1232 1761 secta—

125 1805 240 1878 iorum
262 1803 420 1900 coniugio
444 1803 504 1903 qui
526 1803 660 1904 penitus
688 1802 859 1904 baptisma
884 1802 1061 1888 reiioiunt,
1091 1803 1145 1876 uel
1171 1805 1230 1903 qui

125 1918 232 1994 riusa
243 1917 471 1991 essentialiter
483 1918 589 1992 lorma
600 1918 653 1993 uel
668 1919 807 1993 materia
824 1917 909 1991 illud
927 1917 1119 2006 conferunt,
1141 1917 1231 1991 idem

125 2031 290 2109 brendam
313 2031 474 2105 iudicium
501 2058 541 2107 ac
564 2032 607 2106 de
632 2034 800 2131 coniugiis
825 2032 1032 2122 infidelium,
1063 2059 1150 2133 quae
1174 2060 1232 2107 va-

125 2148 184 2223 ida
208 2147 346 2249 quidem
368 2164 447 2222 sunt
467 2148 502 2220 in
524 2148 652 2223 ratione
681 2165 870 2223 contractus
898 2150 1060 2223 naturalis
1078 2175 1117 2222 ao
1142 2175 1232 2222 mere

125 2263 252 2352 uritis,
288 2287 466 2363 quasque,
494 2277 532 2336 ut
555 2262 703 2363 loquitur
728 2264 941 2338 Innocentius
968 2264 1027 2335 lll.
1050 2290 1128 2336 vcra
1154 2280 1233 2337 suut

125 2379 175 2454 ted
196 2405 262 2450 non
282 2393 376 2464 roto,
404 2378 487 2478 quia
513 2404 580 2454 nou
606 2395 686 2453 sunt
710 2395 931 2454 sacramenta.
949 2378 1032 2452 Cum
1058 2379 1147 2452 enim
1174 2405 1244 2478 per¹

125 2495 278 2596 baptismi
312 2494 447 2569 ianuam
481 2520 665 2595 numquam
692 2496 837 2593 ingressi
863 2497 931 2569 sint
960 2497 995 2567 in
1027 2494 1229 2583 ecclesiam,

125 2609 211 2685 uulla
232 2627 441 2684 sacramenta
457 2609 599 2699 hahent,
621 2627 678 2684 aut
695 2610 820 2684 habere
838 2628 992 2711 possunt.
1010 2609 1163 2712 Cumque
1179 2638 1233 2685 ec-

125 2726 242 2802 clesiae
268 2726 397 2800 subditi
422 2754 483 2827 per
505 2725 713 2827 baptismum
733 2728 809 2801 lacti
828 2754 895 2801 non
913 2728 1052 2817 luerint,
1074 2726 1152 2800 nulli
1183 2754 1234 2801 ec·

125 2841 310 2918 clesiastico
343 2841 582 2941 impedimento
608 2858 688 2914 sunt
711 2841 866 2931 obnoxii,
895 2842 955 2917 sed
981 2842 1063 2917 solis
1090 2842 1234 2941 impedi-

125 2958 241 3032 mentis
272 2957 355 3030 iuris
379 2956 543 3029 naturalis
563 2973 663 3057 atque
681 2956 785 3032 divini
811 2958 1013 3032 detinentur.
1039 2959 1073 3028 Si
1102 2957 1234 3030 illorum

125 3072 278 3147 alteruter
288 3071 332 3145 ad
346 3071 541 3168 religionem
554 3071 752 3146 catholicam
771 3073 898 3160 veniat,
919 3073 1022 3146 altero
1040 3073 1074 3145 in
1097 3073 1234 3171 propria

125 3205 213 3264 secta
229 3203 466 3288 permanente,
486 3213 596 3287 neque
618 3187 747 3287 absque
765 3189 888 3260 iniuria
907 3187 1072 3261 Creatoris
1093 3213 1235 3260 censen·

125 3305 182 3380 tiat
203 3330 282 3377 cum
308 3303 400 3376 fidoli
422 3302 597 3392 habitare,
623 3304 743 3404 poterit
767 3303 960 3376 auctoritate
986 3303 1078 3376 sedis
1100 3317 1235 3401 aposto·
1337 3311 1340 3318 “

125 3419 208 3494 licae
232 3419 366 3492 illorum
392 3419 585 3516 coniugium
611 3418 736 3490 dirimi.
763 3418 861 3506 Quod
893 3419 923 3492 si
956 3417 1055 3491 ambo
1080 3416 1235 3490 catholici

125 3535 225 3622 liant,
244 3533 304 3607 uhi
320 3559 394 3607 mes
412 3534 556 3619 obtinet,
584 3533 707 3607 debent
728 3560 827 3607 suum
850 3559 1009 3608 renovare
1033 3559 1235 3607 consensum

125 3651 157 3724 iu
174 3650 263 3724 facie
279 3648 461 3737 ecclesiae,
482 3675 521 3723 ac
537 3649 802 3723 benedictionem
817 3648 1057 3723 sacerdotalem
1072 3649 1231 3748 recipere.

125 3765 228 3840 uixi:
258 3765 318 3837 ubi
339 3792 407 3837 usos
433 3765 573 3850 obtinet,
604 3765 772 3865 siquidem
792 3766 884 3838 iuxta
905 3791 971 3838 non
993 3791 1119 3864 paucos
1143 3763 1236 3836 theo·

125 3879 220 3981 logos
238 3896 272 3954 et
294 3881 470 3980 antiquum
496 3880 659 3953 ecclesiae
685 3907 840 3954 romanae
866 3907 986 3968 usum,
1013 3898 1051 3953 ut
1076 3907 1138 3953 suo
1164 3879 1236 3952 loco

124 3994 383 4082 adnotavimus,
403 3994 446 4068 ad
464 3994 722 4067 ratihabendum
740 3995 943 4068 connubium
961 3994 1233 4079 christianorum,

125 4136 186 4186 seu
197 4136 314 4184 eorum
328 4110 388 4209 qui
400 4136 441 4184 ex
453 4109 649 4183 infidelitate
662 4109 704 4183 ad
719 4110 914 4208 religionem
927 4110 1145 4184 christianam
1162 4135 1238 4182 con-

125 4239 319 4312 vertuntur,
348 4225 475 4299 sulfioit
492 4224 651 4325 baptismi
675 4227 844 4325 susceptio
861 4252 1034 4326 perquam
1050 4240 1237 4300 anteactum

128 4341 378 4416 matrimonium
404 4340 447 4414 ad
473 4340 670 4439 dignitatem
696 4344 895 4416 sacramenti
922 4342 1085 4417 evehitur.
