2804 5062
143 354 215 428 161
370 374 432 426 ιιι.
453 373 488 424 11.
509 372 595 424 srcr.
617 372 640 422 1.
661 370 702 422 aa
719 368 845 421 rornsr.
867 367 994 421 recum.

141 523 180 572 ac
197 496 309 568 minus
335 494 418 566 forte
435 490 597 591 impedita
613 514 716 589 quam
742 487 832 561 fictio
855 487 952 561 iuris.
980 486 1017 560 Si
1034 488 1117 587 quis
1142 502 1250 562 tamn

142 612 235 686 malit
255 609 357 710 priori
388 606 588 707 expositioni
612 605 813 692 adhaerere,
844 630 905 704 per
934 628 997 678 nos
1021 601 1128 691 licet3
1156 602 1250 678 aliam

141 727 242 800 etiam
269 725 431 798 rationem
449 720 539 794 idem
559 718 659 820 paulo
685 718 782 794 aliter
797 717 991 818 explicandi
1008 717 1047 792 in
1063 717 1250 818 insequenti

143 840 281 915 articulo
302 836 540 911 indicabimus.
1129 848 1134 857 '

216 955 355 1026 Interim
373 951 458 1026 haec
476 950 630 1025 sufficere
655 966 797 1050 possunt
813 949 857 1023 ad
875 949 1043 1024 notionem
1064 948 1250 1024 habendam

143 1070 195 1144 rei
213 1095 282 1170 qna
307 1070 350 1142 de
373 1070 531 1165 agimus:
560 1093 601 1140 ex
626 1066 753 1166 quibus
780 1065 881 1139 etiam
912 1064 1134 1163 intelligimus
1158 1090 1251 1140 sant·

145 1187 268 1260 tionem
295 1187 330 1257 in
352 1184 465 1258 radice
485 1184 598 1257 minus
623 1183 759 1283 proprie
775 1182 1072 1255 relobilt'tott‘onem
1092 1197 1128 1256 et
1144 1207 1250 1255 conae

146 1301 334 1374 linationem
354 1301 502 1398 coniugii
524 1299 711 1399 nuncupari
728 1327 737 1386 ;
765 1323 907 1398 eamque
927 1324 948 1371 a
966 1298 1104 1372 natione
1129 1294 1250 1396 simpli

43 1503 47 1510 ,
144 1419 195 1491 cis
220 1418 471 1517 dispensationis
496 1416 654 1504 differre,
683 1441 793 1514 neque
817 1414 926 1488 salum
953 1441 974 1487 a
1002 1414 1250 1515 dispensatione

145 1559 232 1633 quae
251 1549 326 1606 onte
345 1530 482 1633 nuptias
499 1531 573 1605 dari
595 1529 700 1617 solet,
721 1530 781 1604 sed
806 1529 850 1604 ab
867 1555 907 1603 ea
924 1556 1062 1631 queque
1076 1555 1171 1630 quae
1181 1542 1250 1629 post

145 1647 264 1720 initum
287 1647 477 1745 coniugium
498 1647 571 1719 dari
588 1646 776 1721 consuevit.
796 1645 928 1719 Etenim
953 1645 1168 1746 dispensatio
1184 1658 1250 1746 put

146 1763 281 1862 nuptias
306 1762 462 1863 quarm
487 1758 555 1836 dici
577 1761 687 1862 possit
711 1761 879 1862 quaedam
903 1760 1125 1850 ratihabitio,
1158 1776 1250 1863 aque

147 1879 248 1954 etiarn
271 1880 421 1966 sanatio,
449 1893 560 1952 tamen
585 1902 700 1952 revera
725 1875 782 1950 nil'
798 1876 890 1951 aliud
916 1892 968 1952 est
992 1903 1097 1978 φιιιι
1116 1874 1250 1979 simpli!

146 1995 357 2096 dispensatio
372 2018 460 2096 quae
483 1993 602 2067 directo
627 1993 670 2067 ad
697 2019 857 2094 praesens
874 2010 1007 2094 tempus
1024 1991 1182 2068 refertur.
1206 1991 1250 2067 tu

143 2111 266 2183 mirum
291 2109 524 2198 matrimonia,
552 2133 741 2210 quaecum
770 2108 886 2210 aliquo
914 2108 1159 2210 impedimento
1182 2122 1250 2184 sant

143 2240 312 2299 eontracta
331 2224 492 2298 deberent
512 2224 674 2313 dissolvi,
702 2241 739 2298 ut
764 2250 867 2324 saepe
890 2225 948 2312 lit,
976 2222 1079 2299 etiam
1104 2221 1250 2322 coningi-

145 2338 220 2415 bus
236 2341 381 2414 maxime
405 2340 545 2428 invitis,
574 2357 609 2415 at
632 2341 837 2441 quandoque
853 2340 1065 2439 indulgetur,
1086 2356 1126 2414 ut
1141 2338 1250 2415 conio·

143 2480 203 2553 ges
224 2455 259 2526 in
276 2448 489 2529 matrimonio
506 2471 741 2554 permaneant,
762 2481 824 2529 seu
846 2472 924 2555 post
944 2456 1070 2555 foetum
1090 2454 1193 2530 datur
1206 2451 1250 2528 di·

146 2570 336 2670 sponsatio,
364 2587 466 2670 atque
487 2571 550 2644 hoc
574 2571 608 2643 in
626 2596 708 2644 casu
737 2570 846 2645 solum
873 2571 980 2671 primo
1006 2571 1250 2646 matrimonium

145 2684 263 2785 incipit
279 2710 355 2758 esse
376 2684 579 2782 legitimum,
600 2702 633 2759 et
652 2685 762 2786 proles
780 2686 931 2785 legitima
948 2687 1008 2773 fit,
1030 2713 1098 2761 non
1117 2686 1250 2788 qnidam

145 2800 235 2873 acsi
257 2800 466 2898 legitimaab
491 2801 587 2874 initio
608 2801 744 2890 suisset,
770 2803 830 2877 sed
856 2803 894 2875 fit
918 2801 1068 2900 legitima
1093 2803 1250 2903 quodam-

144 2915 244 2989 modo
265 2941 327 3014 per
357 2916 569 3016 subsequens
599 2919 849 2993 matrimonium
873 2918 1039 3018 postiam
1066 2917 1185 2993 datam
1207 2915 1250 2991 di·

147 3032 407 3132 sponsationem.
437 3032 479 3105 At
502 3033 710 3134 dispensatio
736 3035 770 3106 in
794 3034 906 3108 radico
935 3051 1108 3108 revocatur
1142 3035 1250 3108 distet«

147 3147 190 3221 ad
215 3165 346 3249 tempus
378 3176 447 3249 quo
470 3151 718 3224 matrimonium
749 3176 826 3225 cum
859 3150 1099 3250 impedimento
1129 3166 1250 3226 eontra¹

146 3279 235 3335 etum
264 3263 344 3351 fuit,
372 3262 646 3364 impedimentum
673 3265 775 3352 tollit,
806 3265 1054 3339 matrimonium
1072 3283 1184 3340 ratam
1202 3265 1250 3339 he

146 3372 203 3450 bet
226 3378 269 3451 ah
304 3379 420 3467 initio,
450 3382 601 3480 adeoque
630 3380 741 3481 proles
773 3381 920 3479 legitima
952 3382 989 3453 fit
1018 3381 1250 3480 legitimatione

147 3490 229 3579 illa,
259 3519 360 3592 quam
379 3512 500 3569 vocant
511 3498 760 3594 plenissimam,
790 3523 944 3597 quaeque
961 3498 1097 3598 propria
1115 3514 1171 3573 est
1183 3519 1250 3599 pru·

144 3606 189 3680 lis
215 3635 303 3708 quae
328 3633 368 3680 ex
393 3613 550 3710 coniugio
575 3639 713 3710 prorsus
739 3613 888 3712 legitimo
912 3628 1076 3712 prognata
1105 3630 1180 3704 est,
1207 3627 1250 3687 at·

147 3749 214 3824 que
242 3724 459 3822 distinguitur
483 3753 504 3800 a
534 3728 773 3826 legitimatione
798 3731 942 3828 pleniori
962 3729 1015 3802 vel
1041 3731 1146 3829 pleno
1170 3751 1250 3830 quse

146 3866 207 3939 per
226 3841 438 3942 subsequens
462 3843 561 3916 etiam
587 3846 837 3919 matrimonium
861 3845 1013 3919 habetur.

219 3957 305 4031 Hinc
333 3958 434 4031 etiam
458 3959 562 4060 liquet
586 3961 793 4035 sanationem
819 3962 853 4034 in
879 3962 992 4035 radice
1024 3987 1127 4061 posse
1157 3983 1250 4060 gena-

147 4071 242 4142 ratim
269 4099 335 4147 non
365 4076 498 4172 exigere
528 4101 713 4151 consensus
746 4079 1015 4165 renovationem,
1050 4077 1112 4151 sed
1144 4077 1250 4178 petius

147 4184 354 4282 primitivum
378 4216 580 4265 consensum
604 4192 757 4281 afficere;
785 4210 818 4266 et
835 4194 907 4266 dari
932 4219 1035 4292 posse
1060 4194 1164 4267 etiam
1181 4205 1250 4293 post

147 4299 321 4377 defunctos
338 4305 518 4403 coniuges,
546 4324 584 4381 ut
601 4308 711 4405 proles
733 4308 895 4384 beneficio
920 4308 1174 4405 legitimationis
1186 4307 1250 4406 ple
