2804 5062
151 329 218 404 tu
390 352 450 400 urs.
474 351 507 399 u.
530 350 616 399 secr.
638 351 660 399 r.
683 351 722 398 ns
749 349 872 400 rorssr.
896 348 1020 399 sccsss.

148 469 259 543 culum
282 468 446 558 definire,
469 485 576 568 potest
602 469 635 541 id
658 470 837 569 episcopus
856 471 890 540 in
908 494 970 541 sua
995 469 1169 554 diomeri,
1191 472 1249 545 uis'

148 584 337 685 specialiter
361 610 448 684 papa
473 583 555 658 illud
580 584 644 656 sihi
674 584 915 671 reservaverit,
936 615 953 654 a
981 584 1155 659 inferunt:
1180 606 1249 685 erga

147 700 297 801 episcopi
325 701 425 772 etiam
451 725 601 775 seorsum
636 701 760 800 sumpti
788 715 931 801 possunt
959 702 992 773 in
1023 726 1087 776 sua
1111 702 1249 803 quisqu

146 813 291 888 dioecesi
315 813 395 888 dare
416 813 672 902 relaxationem,
702 829 800 913 prout
817 840 891 888 eam
914 814 1052 915 praebet
1069 840 1156 890 rom.
1174 841 1249 916 pou

148 928 226 1002 tifex
251 929 286 1000 in
304 927 461 1003 universa
477 928 644 1015 ecclesia,
673 954 749 1001 cum
775 953 841 1001 non
867 945 997 1003 consta
1020 954 1094 1003 eam
1114 930 1249 1006 faculta·

147 1061 211 1116 tam
234 1068 383 1117 summos
409 1044 586 1143 pontifices
609 1043 675 1118 sibi
693 1069 909 1132 reservasse,
937 1060 997 1118 aut
1012 1045 1063 1119 eis
1080 1046 1125 1120 ab
1142 1045 1249 1148 aliquo

146 1157 360 1232 oecumenico
384 1157 525 1233 concilio
551 1175 752 1232 reservatam
775 1157 882 1232 luisse
904 1161 992 1254 (hl).

218 1273 337 1347 Verum
368 1273 532 1349 eiusmodi
559 1275 760 1375 principium
787 1273 841 1348 sin
874 1274 987 1348 minus
1018 1274 1162 1364 salsum,
1191 1275 1249 1351 sal

148 1406 212 1461 tem
246 1390 509 1490 aequivocationi
543 1389 719 1477 innititur,
753 1387 844 1462 aliud
873 1390 962 1462 enim
994 1406 1046 1464 est
1078 1390 1249 1492 episcopor

147 1527 249 1603 posse
270 1503 379 1579 lacere
405 1506 439 1577 in
465 1531 528 1578 sua
549 1504 696 1578 dioecesi
719 1532 807 1604 quse
832 1531 916 1579 rom.
943 1505 1091 1603 pontifex
1116 1505 1152 1578 iu
1182 1506 1249 1580 uni

145 1644 244 1692 versa
266 1619 410 1694 ecclesia
435 1619 547 1720 (quod
565 1618 608 1692 de
626 1619 797 1694 nonnullis
816 1619 916 1694 rebus
929 1636 1019 1694 certe
1034 1645 1152 1694 verum
1169 1625 1249 1717 est),

146 1732 239 1806 aliud
265 1735 443 1836 episcopos
461 1760 562 1833 posse
580 1734 711 1809 irritare
729 1733 763 1805 in
783 1761 845 1808 sua
863 1734 1031 1820 dioecesi,
1060 1760 1150 1834 quae
1170 1759 1249 1810 scm,

146 1848 293 1947 pontifex
311 1875 371 1949 pro
389 1865 455 1923 tota
476 1849 620 1923 ecclesia
641 1848 729 1923 lecit.
757 1849 888 1922 Etenim
915 1849 979 1924 boc
1003 1848 1145 1950 perinde
1169 1871 1249 1927 ease

146 1989 185 2037 ac
210 1963 375 2039 affirmem
392 1990 494 2063 posse
513 1963 700 2039 inferiorem
722 1963 907 2063 superioris
931 1964 1039 2064 legem
1061 1964 1127 2038 sibi
1153 1964 1249 2040 subii·

144 2104 220 2153 cere
247 2105 389 2180 eamque
417 2081 598 2178 abmgare,
627 2106 666 2153 ac
705 2078 875 2166 relaxare,
912 2097 947 2153 et
972 2079 1122 2155 membra
1154 2080 1249 2183 capiti

142 2218 289 2294 aequare
313 2211 414 2294 atque
438 2195 538 2268 etiam
563 2192 730 2267 anteferre
751 2219 828 2267 cum
855 2194 1000 2269 evidenti
1027 2195 1129 2270 totius
1155 2192 1249 2270 eccle

145 2310 301 2384 siasticae
325 2308 533 2383 hierarchiae
557 2308 671 2382 divina
694 2308 906 2384 ordinatione
935 2311 1139 2385 constitutae
1163 2336 1249 2386 eves

144 2425 251 2498 sione.
288 2424 337 2498 llo
368 2425 421 2498 vel
452 2425 588 2522 magis,
623 2423 738 2523 quod,
774 2438 812 2497 ut
840 2425 1075 2499 animadvertit
1103 2426 1249 2527 appositi

144 2540 341 2636 Fagnanus,
371 2565 443 2612 mos
473 2540 518 2613 sit
543 2565 708 2613 canonum
733 2557 767 2612 et
791 2539 1005 2614 conciliorum
1034 2542 1102 2615 sere
1130 2541 1249 2643 ubique

141 2652 341 2754 simpliciter
364 2655 556 2755 praecipere
586 2672 644 2728 aut
673 2654 852 2754 prohibere
876 2656 959 2755 quid
987 2656 1178 2730 laciendum
1204 2651 1249 2732 vel

142 2793 210 2841 non
227 2767 438 2855 laciendum,
458 2769 542 2868 quin
563 2769 606 2840 ad
633 2768 893 2867 prohibitionem
913 2771 1181 2870 dispensationis
1200 2770 1249 2844 de

143 2883 317 2957 soendant.
334 2883 565 2984 Quapropter,
591 2884 620 2957 si
639 2884 809 2983 episcopis
828 2885 943 2959 liceret
959 2886 1160 2986 dispensare
1176 2910 1249 2986 qvo

144 2992 354 3099 tisscumque
369 2999 577 3098 dispensatio
596 3025 662 3072 non
680 2998 897 3098 prohibetur,
919 3002 953 3072 in
970 3028 1085 3074 comm
1104 3002 1189 3075 soret
1208 3002 1249 3076 la

139 3113 266 3190 cultata
292 3114 346 3188 ius
375 3141 554 3190 commuue
579 3116 792 3200 universum,
819 3141 860 3188 ac
884 3117 1087 3190 universalia
1113 3114 1249 3190 concilia

143 3229 336 3308 subvertere
360 3235 395 3305 in
419 3233 562 3332 singulis
587 3234 725 3306 casibus
751 3233 1006 3333 dispensando,
1039 3232 1129 3331 quod
1156 3233 1249 3307 abso

143 3373 222 3421 num
241 3375 280 3422 ac
296 3374 471 3423 erroneum
496 3365 549 3421 est
570 3351 658 3444 (62).

215 3465 349 3537 Falsum
369 3482 540 3565 praeterea
565 3464 829 3564 deprehenditur
851 3464 1016 3537 eiusmodi
1035 3466 1249 3565 principium,

141 3575 233 3675 quod
256 3579 365 3651 aiure
382 3581 501 3653 iterum
527 3580 714 3678 iterumque
736 3579 835 3651 luerit
861 3578 1084 3679 reprobatum.
1115 3579 1249 3654 Omissa

141 3691 230 3765 enim
255 3693 415 3766 decretali
445 3695 630 3770 Innocentii
659 3696 717 3765 lll.
750 3695 812 3767 hac
839 3692 881 3766 de
907 3720 941 3765 re
967 3694 1069 3780 data,
1098 3696 1184 3769 satia
1212 3696 1249 3769 de

209 3915 259 3977 (at)
275 3915 370 3965 Collct.
381 3914 509 3978 anderun.
525 3915 610 3978 dorm.
627 3918 652 3963 et
665 3915 757 3965 morat.
767 3915 859 3966 leont.
872 3914 1026 3978 Dtspcnrde
1037 3917 1116 3965 matr.
1127 3917 1249 3978 agustat⁴

141 4005 196 4054 pag.
214 4001 259 4045 eto
285 4007 354 4058 seqq.
373 3995 468 4046 collat.
488 3998 567 4046 Porta
582 3998 643 4046 torn.
662 3997 705 4045 tu.
720 3995 763 4045 uu.
777 3997 808 4044 v.
821 3996 885 4045 cont.
904 4003 924 4044 t.
940 3994 963 4058 §.
979 4007 999 4044 r.
1015 4007 1069 4057 pag.
1083 4001 1138 4045 ³⁴12.
1158 3993 1249 4046 codd.

140 4072 257 4122 anoton.
269 4074 303 4125 de
314 4075 392 4125 theol.
404 4075 499 4125 morat.
513 4075 556 4125 ub.
570 4077 588 4124 Ι.
605 4089 629 4138 p.
645 4083 686 4127 aar
712 4089 780 4139 seqq.
794 4089 817 4124 n.
831 4081 885 4125 782.
896 4078 991 4138 praeter
1002 4077 1114 4123 auctores
1124 4074 1156 4124 ah
1168 4073 1249 4126 itata·

140 4156 353 4204 mmmemomtos.

209 4232 259 4294 (aa)
276 4235 360 4297 Prosp.
378 4235 482 4298 Fsgnani
494 4238 634 4286 comment,
649 4237 675 4283 tn
690 4235 735 4284 lto.
749 4234 874 4283 decretal.
890 4235 914 4282 in
931 4247 983 4296 rap.
1003 4236 1112 4282 vernet
1124 4247 1148 4282 n.
1166 4238 1205 4283 tt.
1219 4235 1249 4281 Dr

136 4310 204 4370 Jllr'r'r
218 4311 438 4374 presbyterumet.
