2804 5062
178 343 1128 399 corvuorrrnrnmunur.rnrnrvmcuucrrnnnr.u.
1171 325 1239 398 ἥδ

132 465 234 540 tuisse
260 480 469 538 contractum
494 478 662 563 temporo,
690 489 758 564 quo
783 478 854 536 erat
878 463 987 538 facilis
1013 483 1045 538 et
1070 480 1161 539 tutus
1186 493 1243 540 ao-

131 605 248 654 oassus
269 578 315 652 ad
339 578 524 679 parochum
548 578 769 666 catholicum,
792 579 881 652 idem
899 581 1148 654 matrimonium
1165 609 1243 656 essa

129 695 281 779 oollam
311 694 456 794 ideoque
481 692 567 765 nihil
592 692 726 766 obstare
751 693 931 793 quominus
958 694 1143 769 secuudum
1174 722 1243 769 ma·
1338 750 1343 759 ·

129 809 324 883 trimonium
346 808 389 881 ab
415 799 554 882 matrice
580 823 785 880 contractum
810 834 886 880 oum
910 808 982 881 uiro
1007 809 1173 882 catholico
1190 836 1243 883 re-
1335 861 1338 868 ·

128 924 241 999 novari
266 925 390 1023 possit,
415 940 544 998 servata
568 923 675 996 forma
699 923 831 997 concilii
855 923 949 1011 trid,
970 924 1150 1000 dummodo
1175 951 1242 1000 uon

128 1039 219 1113 aliud
237 1039 351 1114 obstet
374 1039 573 1113 canonicum
599 1038 915 1137 impedimentum.»

196 1156 341 1230 Possem
363 1154 431 1228 alia
448 1181 514 1228 nou
532 1181 640 1254 pauca
664 1153 863 1227 documenta
887 1154 1052 1229 eiusmodi
1078 1157 1239 1256 proferre,

128 1285 225 1372 Qua
251 1271 431 1346 occasione
455 1269 554 1359 data,
580 1269 648 1342 alia
672 1269 773 1342 etiam
800 1269 941 1343 inferius
967 1270 1124 1360 afferam,
1153 1299 1241 1372 quae

129 1387 238 1461 omnia
257 1387 294 1459 iu
311 1412 415 1460 uuam
432 1385 652 1486 eamdemque
673 1385 872 1459 seutentiam
898 1387 1110 1486 conspirant,
1140 1389 1242 1460 nimi-

129 1529 198 1576 rum
224 1501 322 1575 nulla
346 1527 423 1575 esse
447 1501 620 1598 coniugia,
648 1526 736 1600 quae
754 1500 788 1571 in
806 1498 922 1574 Galliis
948 1502 1069 1600 quovis
1095 1517 1243 1603 tempore

130 1615 169 1690 nb
180 1615 377 1690 'haereticis
398 1616 485 1689 iuter
501 1642 539 1690 se
556 1614 723 1689 celebrata
740 1631 836 1702 sunt,
858 1615 931 1689 sive
947 1615 1152 1690 obtinuerint
1169 1618 1242 1692 sive

129 1754 193 1807 uon
224 1730 434 1806 obtinuerint
458 1745 580 1804 statum
606 1756 706 1829 quem
731 1729 863 1803 civilem
888 1748 1020 1804 vocant.
1050 1731 1242 1831 Apostoliea

130 1846 225 1921 sodes
252 1873 388 1947 semper
412 1845 479 1918 sibi
505 1860 663 1919 constans
695 1844 758 1917 tuit
784 1844 819 1916 in
845 1845 1037 1919 reiioiendis
1063 1847 1112 1918 uti
1137 1845 1241 1921 nullis

129 1959 354 2035 oc'invalidis
387 1959 552 2033 eiusmodi
582 1959 825 2032 haereticorum
857 1958 1054 2046 connubiis,
1085 1961 1240 2059 eoquod

131 2099 165 2147 er
190 2102 262 2148 una
288 2090 384 2173 parte
409 2073 459 2145 illi
484 2073 672 2147 constiterit
695 2072 739 2145 ab
765 2072 862 2145 initio
895 2071 930 2143 in
965 2073 1133 2146 universis
1168 2100 1241 2172 pro

129 2190 249 2264 vinciis
276 2190 446 2263 decretum
474 2188 689 2262 tridentinum
718 2189 862 2260 Tametsi
879 2187 1085 2286 publicatum
1113 2189 1236 2278 suisse3

129 2329 165 2378 ox
179 2304 291 2379 altera
307 2331 386 2378 vero
404 2303 649 2379 benedictinam
669 2302 865 2375 decretalem
883 2330 938 2375 an.
958 2305 1065 2374 1741.
1083 2330 1143 2404 pro
1161 2303 1242 2379 Hol-

127 2416 258 2509 laudia,
287 2419 498 2518 statibusque
521 2418 700 2492 foederatis
722 2418 826 2515 Belgii
849 2418 979 2506 datam,
1000 2419 1075 2492 sine
1100 2420 1240 2518 speciali

129 2535 282 2609 dusdem
308 2534 400 2607 sedis
425 2534 619 2607 extensione
636 2533 678 2605 ad
697 2532 782 2606 alias
801 2533 972 2629 regiones,
994 2533 1048 2606 ius
1066 2560 1241 2610 commune

129 2676 192 2726 oon
216 2650 407 2723 immutare.
431 2649 641 2749 Quapropter
653 2647 712 2720 illa
724 2648 902 2722 diversitas
920 2648 1122 2749 epocharum
1140 2676 1241 2751 supe·
1276 2738 1278 2743 ‚

131 2764 198 2839 rius
224 2780 484 2837 commemorata
507 2763 637 2836 inutilis
655 2789 794 2862 prorsus
812 2779 882 2850 est;
903 2789 1134 2864 quaecumque
1151 2765 1241 2838 enim

133 2876 230 2952 inerit
255 2904 295 2952 ac
317 2879 363 2951 sit
388 2879 422 2950 in
449 2877 564 2951 Galliis
589 2877 833 2951 haereticorum
859 2878 1031 2968 conditio,
1061 2879 1154 2953 nulla
1178 2906 1242 2951 un-

131 3018 231 3092 quam
258 2993 339 3067 olim
370 3019 479 3093 neque
504 3020 594 3066 nunc
619 2993 779 3092 temporis
805 2992 917 3067 valida
941 2995 1075 3067 suerunt
1098 2993 1236 3082 habita,

131 3124 229 3210 utque
253 3107 422 3181 habentur
444 3109 593 3207 ipsorum
618 3107 774 3204 coniugia
798 3134 818 3180 a
844 3108 925 3181 sede
950 3108 1147 3206 apostolica.

197 3225 317 3323 Neque
335 3224 392 3297 hio
417 3223 679 3322 praetermittere
700 3222 806 3296 debeo
823 3223 866 3295 ad
884 3223 1049 3295 dictorum
1067 3222 1242 3296 confirma·

131 3338 273 3427 mnam,
301 3339 431 3439 praxim
457 3366 534 3413 esse
559 3354 764 3413 constantem
795 3364 970 3437 supremae
996 3363 1066 3411 sac.
1095 3337 1241 3436 inquisi-

130 3453 208 3531 tion.
235 3455 505 3552 congregationis
529 3453 726 3527 admittendi
753 3453 931 3526 instantias
961 3479 1002 3525 ex
1029 3451 1147 3526 Galliis
1173 3451 1239 3526 sibi

129 3568 280 3658 oblatas,
301 3570 335 3642 in
357 3571 482 3670 quibus
509 3597 587 3669 pars
613 3569 778 3642 catholica
804 3584 880 3668 post
905 3584 1101 3641 attentatum
1127 3569 1241 3642 coniu-

128 3685 220 3783 gium
245 3686 387 3759 mixtum
412 3712 524 3759 coram
549 3684 703 3758 ministro
729 3683 915 3778 acatholico
933 3701 965 3757 et
986 3683 1122 3757 officiali
1148 3682 1238 3754 civili

128 3817 162 3874 ut
186 3826 273 3875 suae
298 3801 524 3874 conscientiae
548 3801 742 3900 prospiciat,
764 3801 847 3898 petit
863 3800 1066 3872 matrimonii
1092 3796 1239 3872 convali-

126 3914 311 3992 dationem.
341 3916 442 3990 Hisce
460 3917 495 3988 iu
513 3916 670 4003 casibus,
692 3917 720 3989 si
741 3944 818 4015 pars
836 3916 1038 3990 heterodoxa
1060 3914 1144 3989 nolit
1159 3939 1239 3987 suos

127 4029 283 4104 abiurare
317 4057 470 4119 erroreS,
506 4032 716 4131 dispensatio
751 4032 943 4106 conceditur
974 4058 1015 4104 aa
1047 4030 1110 4104 sub
1143 4055 1241 4130 prae·

128 4147 326 4246 scriptione,
347 4164 384 4220 ut
404 4149 564 4245 coniuges
590 4174 792 4222 consensum
818 4174 915 4221 suum
944 4161 1102 4220 renovent
1126 4170 1239 4219 coram

127 4263 277 4360 parocho
295 4290 334 4337 ac
355 4263 487 4339 duobus
514 4264 677 4355 testibus,
707 4265 845 4365 perinde
870 4290 909 4337 ac
935 4265 964 4339 si
991 4263 1135 4364 primum
1161 4275 1239 4334 tuno

220 4404 247 4458 11
1161 4405 1194 4456 ιε
