2804 5062
226 361 1152 422 mnu.nssonsnorssroonsr.strennuissimus.
1215 348 1259 422 bb

157 481 232 556 lenc
254 498 456 582 potestatem
481 485 693 572 exercuisse,
718 485 790 558 sire
817 483 852 556 in
879 481 1100 575 dirimendis,
1129 491 1200 565 sive
1224 495 1259 566 in

156 597 368 697 prohibendis
393 597 565 671 nonnullis
591 598 739 672 fidelium
763 600 941 697 coniugiis.

195 713 323 785 Exinde
335 728 506 811 receptum
520 729 587 801 est,
608 730 645 785 ut
662 738 844 814 numquam
859 716 1081 815 interruptum
1094 718 1259 796 eiusmodi

152 829 320 928 potestatis
345 829 540 902 exercitium
567 827 666 903 luerit
686 831 809 904 seculis
827 831 1096 931 insequentibus.
1119 837 1189 908 lam
1207 861 1261 911 su-

148 967 203 1043 pra
222 948 324 1044 (cap.
343 947 379 1015 l.
396 959 459 1016 art.
477 947 533 1038 2.)
553 945 654 1018 verba
675 945 915 1044 descripsimus
934 971 963 1021 s.
980 947 1114 1036 Basilii,
1134 951 1259 1050 quibus

146 1059 289 1132 adstruit
308 1059 602 1145 consuetudinem,
626 1085 685 1133 seu
711 1085 836 1134 morem
859 1065 919 1159 qut
938 1063 1017 1160 lepis
1038 1066 1106 1136 vim
1132 1065 1260 1142 obtinet

146 1173 360 1275 repetendum
373 1199 395 1246 e
407 1175 637 1249 sanctionibus
648 1201 735 1276 quas
748 1175 810 1249 viri
825 1178 932 1250 sancti
946 1179 1034 1251 ciros
1047 1181 1182 1278 nuptias
1197 1197 1259 1256 tre-

144 1289 313 1362 diderunt.
330 1289 552 1375 Quandonam
570 1316 648 1364 vero
661 1290 826 1365 eiusmodi
839 1292 1029 1367 sanctiones
1043 1321 1063 1365 a
1075 1294 1158 1366 viris
1176 1319 1257 1368 san·

143 1404 203 1477 ctis
213 1404 378 1478 constitui
391 1419 580 1502 potuerunt,
596 1405 663 1477 nisi
676 1403 784 1477 tribus
796 1405 966 1503 prioribus
976 1407 1111 1493 seculis,
1123 1408 1256 1504 vigente

143 1520 252 1593 odbrm
269 1521 309 1591 in
325 1518 504 1592 ecclesiam
531 1520 776 1619 persecutione,
798 1546 873 1592 cum
892 1521 966 1619 ipse
987 1549 1016 1595 s.
1035 1521 1180 1596 Basilius
1199 1523 1257 1596 llo

144 1637 245 1708 ruerit
260 1662 333 1708 sec.
356 1633 517 1708 ecclesiae
534 1636 586 1706 lv.
612 1634 711 1731 (ooli
724 1632 774 1707 Ad
791 1637 968 1709 minimum
985 1635 1133 1710 alludere
1150 1634 1259 1736 potest
1356 1684 1360 1691 ·

142 1749 182 1823 nd
196 1774 256 1837 ea,
281 1773 373 1849 quae
395 1751 524 1823 sancita
547 1750 679 1823 luerunt
703 1776 723 1823 a
750 1776 844 1824 conc.
870 1751 1072 1824 illiberitano
1101 1752 1164 1824 sub
1190 1753 1256 1823 ini·

141 1867 218 1940 tium
233 1868 350 1967 quarti
370 1866 492 1954 seculi,
513 1882 551 1939 ut
566 1867 713 1941 vidimus
731 1867 915 1952 celebrato,
934 1867 987 1939 vel
1010 1894 1030 1938 a
1054 1866 1184 1965 synodo
1201 1891 1257 1939 un·

143 2006 262 2081 tyneus
284 2006 306 2054 a
325 2007 395 2082 qua
417 1981 527 2055 editus
548 1999 600 2055 est
616 2007 723 2055 canon
741 1982 902 2053 adversus
926 1995 1074 2080 raptores
1096 1983 1184 2076 (bi).
1201 1981 1257 2053 Sic

144 2095 238 2168 etiem
258 2094 440 2169 concilium
462 2095 735 2169 neocaesariense
757 2120 876 2191 reapse
898 2095 1012 2167 statuit
1035 2095 1255 2194 impedimen·

143 2221 206 2281 tum
231 2209 409 2282 affinitatis
434 2209 531 2282 cuius
555 2210 680 2310 pariter
704 2208 844 2282 canonis
867 2208 969 2282 verba
994 2208 1177 2282 attulimus.

207 2324 274 2396 Sed
295 2348 475 2424 pergamus
494 2324 562 2397 alia
578 2351 618 2397 ex
637 2346 704 2398 sec.
726 2326 778 2395 lv.
795 2338 828 2395 et
843 2325 879 2394 V.
900 2324 1098 2397 documenta
1119 2324 1249 2398 efferre.

143 2439 173 2510 S.
192 2439 339 2513 Siricius
366 2439 640 2540 impedimentum
661 2442 813 2538 publicae
835 2440 1009 2511 honestatis
1034 2438 1069 2510 in
1086 2438 1186 2538 epist.
1211 2439 1254 2512 sd

143 2554 327 2627 liimerium
341 2570 608 2629 terraconensem
624 2557 817 2656 episcopum
833 2570 946 2654 aperte
959 2554 1074 2628 statuit
1086 2542 1249 2630 scribens:

146 2669 229 2743 «lte
242 2670 415 2768 coniugali
431 2686 540 2743 autem
558 2670 739 2743 violatione
756 2670 947 2769 requisisti:
970 2669 1000 2741 si
1019 2670 1256 2769 desponsatam

144 2783 196 2856 elii
215 2783 368 2884 puellam
386 2785 469 2858 alter
485 2787 521 2857 in
539 2785 785 2858 matrimonium
805 2785 914 2883 possit
930 2784 1104 2884 accipere?
1122 2785 1194 2862 Hoc
1213 2811 1257 2859 ne

145 2899 220 2988 bet,
236 2899 351 2974 modis
364 2900 521 2973 omnibus
536 2900 745 2987 inhibemus3
767 2901 847 3000 quia
861 2900 918 2973 illa
932 2900 1135 2986 benedictio,
1152 2925 1254 3000 quam

145 3031 308 3117 nupturam
328 3016 486 3090 sacerdos
512 3017 672 3115 imponit,
701 3017 790 3117 apud
810 3016 926 3089 fideles
948 3017 1123 3089 cuiusdam
1150 3016 1256 3089 seori·

146 3127 218 3226 legii
237 3131 349 3204 instnr
363 3147 434 3217 ost,
460 3131 489 3204 si
507 3131 864 3228 ulletransgressione
885 3131 1028 3204 violetur
1047 3133 1167 3225 (58).»
1188 3126 1254 3214 Qui

207 3346 262 3410 (κ)
278 3347 337 3396 vita
354 3346 419 3396 enim
440 3346 537 3398 iunctus
553 3349 590 3398 est
611 3361 651 3396 en.
665 3352 717 3398 its.
734 3347 773 3396 vel
793 3351 846 3397 tie.
861 3347 893 3394 et.
911 3345 1042 3395 Baroninnr
1058 3343 1089 3393 ed
1106 3356 1146 3392 en.
1162 3347 1216 3395 επ.
1228 3347 1254 3394 et

146 3426 276 3476 imment
293 3427 429 3477 uenum
440 3440 510 3490 pour
520 3430 605 3477 servtr
616 3427 633 3476 ὰ
644 3426 724 3476 t'ittst.
737 3425 878 3475 ecclesiast.
892 3425 952 3473 torn.
966 3427 1007 3473 lx.
1021 3436 1075 3488 pag.
1091 3427 1143 3474 278.

209 3505 262 3566 (⁵7)
277 3504 432 3555 celebratum
448 3507 485 3555 est
499 3505 546 3555 hoo
559 3503 856 3555 concinnantibus.
871 3502 936 3566 apud
955 3502 1108 3553 lietduinum
1119 3505 1185 3554 Acta
1197 3514 1254 3554 cort·

147 3582 187 3632 eii.
200 3586 264 3633 tom
277 3585 299 3632 1.
311 3583 360 3632 eol.
374 3586 428 3633 275.
441 3584 492 3632 Etsi
504 3583 617 3633 duremus
633 3582 700 3646 quod
710 3582 821 3631 nonnulli
836 3581 999 3644 contendunt,
1011 3582 1059 3632 boc
1071 3585 1255 3646 mesenates·

148 3675 280 3723 mnenon
301 3675 351 3712 non
369 3665 419 3712 tam
439 3662 639 3726 impedimentum
658 3662 819 3724 constituere,
832 3661 984 3726 quumquod
999 3662 1037 3713 ius
1053 3665 1154 3713 neturee
1169 3660 1253 3712 obde·
1280 3727 1283 3734 Ι

148 3743 192 3792 bn
201 3741 278 3792 fldem
290 3743 412 3806 postulet,
421 3740 558 3805 declarare,
568 3756 617 3792 non
629 3746 710 3792 tamen
723 3745 876 3806 sequeretur,
884 3755 941 3792 vere
951 3743 1027 3805 legem
1038 3756 1087 3791 non
1097 3742 1171 3791 tuisse
1181 3741 1256 3790 letam

148 3822 173 3872 u
187 3824 227 3872 ias
240 3825 345 3872 naturae
355 3822 558 3872 confirmandum.
573 3826 686 3873 ceterum
702 3826 754 3873 erat
765 3823 790 3871 in
800 3823 881 3885 sponsi
896 3825 1014 3886 potestate
1027 3825 1121 3885 raptam
1137 3819 1254 3881 virgine·

148 3899 188 3950 tibi
204 3902 345 3951 mutuum
360 3901 413 3951 sire
428 3901 551 3965 recipere,
567 3900 619 3952 sire
634 3915 753 3952 tenuem.

208 3983 262 4044 (es)
277 3984 340 4046 cop.
351 3984 394 4031 lv.
405 3982 471 4045 epod
482 3983 655 4033 consternent.
666 3989 719 4033 ote.
728 3982 843 4032 Nonnulli
854 3981 1018 4045 disputentde
1028 3992 1078 4044 qus
1088 3977 1256 4032 mammone

149 4057 258 4124 mutor
278 4060 320 4111 hio
340 4072 453 4111 summus
474 4061 599 4124 pontitex;
617 4063 656 4111 ast
675 4063 796 4111 coustant
814 4061 840 4110 iu
860 4060 934 4111 obelo
951 4071 1025 4109 sensu
1042 4059 1073 4108 de
1092 4057 1141 4108 slis
1155 4057 1253 4110 bendi·

112 4136 116 4144 ’
149 4139 236 4204 done,
245 4142 308 4193 baec
319 4141 394 4191 verba
405 4141 507 4204 intelligi
517 4153 567 4190 ooo
578 4152 648 4204 poue
658 4140 766 4192 ostendit
776 4141 822 4190 nisi
834 4140 866 4190 de
876 4139 1058 4200 benedictione,
1066 4150 1130 4201 quae
1138 4137 1166 4190 in
1175 4139 1256 4203 prime

149 4217 392 4284 mesenen
408 4222 435 4271 in
455 4221 609 4284 sponsalibus
623 4220 735 4271 debetur.
755 4219 894 4271 uerterent
908 4221 1033 4284 propterea
1048 4218 1128 4270 vinus
1143 4222 1169 4269 et
1183 4227 1255 4282 non·

149 4309 192 4349 tint
211 4301 312 4351 silenus
333 4299 364 4348 nd
386 4299 466 4350 relide
482 4299 674 4350 contrabendum
695 4299 814 4350 inhabites
832 4312 894 4349 esse.
