2804 5062
210 366 326 422 meir.
340 367 690 420 nraorrsrnrucrrn.
704 367 766 418 cir.
780 351 1133 420 sessonensium.
1189 340 1258 422 tlt

223 489 265 563 Et
281 513 366 562 sane
382 487 419 559 in
435 486 613 586 capitulari
631 486 763 560 concilii
782 487 1076 587 aquisgranensis,
1087 509 1164 561 curn
1181 514 1262 588 age-

154 619 242 678 retur
257 601 301 676 de
317 602 452 678 statutis
469 600 743 689 connubialibus,
760 601 795 673 in
809 601 968 701 peculiari
981 604 1029 676 De
1042 630 1143 677 acore
1156 631 1177 677 a
1188 607 1261 681 viro

153 727 304 812 dinosa,
331 726 489 800 'innititur
512 741 672 800 statutum
698 726 818 799 canoni
847 730 904 799 69.
926 726 1060 800 concilii
1087 729 1257 809 africani:

152 844 264 916 sltem
282 842 318 914 in
334 842 473 929 eodem,
495 856 533 914 ιιι
550 868 612 915 nec
630 869 713 914 uxor
724 869 745 913 a
756 842 828 915 viro
841 841 983 916 dimissa
996 842 1099 915 alium
1118 844 1262 944 accipiat

147 957 279 1046 mmm,
301 958 435 1031 vivente
456 957 529 1031 viro
552 981 635 1042 suo,
657 982 717 1029 nec
741 958 793 1030 vir
818 957 918 1030 aliam
945 959 1109 1056 accipiat,
1128 960 1260 1033 vivente

150 1098 254 1146 uxore
270 1071 383 1171 priore
398 1073 511 1167 (46).»
523 1072 565 1144 Ει
582 1071 717 1145 iterum:
731 1071 779 1142 Dc
796 1098 915 1168 sponso
932 1073 1081 1160 alterius,
1098 1088 1259 1147 statutum

148 1186 305 1260 innititur
329 1184 488 1260 decretali
513 1212 622 1286 papae
645 1186 788 1286 Syricii:
808 1187 876 1258 ‹rln
894 1186 1117 1260 decretalibus
1139 1189 1259 1286 Syricii

149 1328 258 1402 papae
282 1318 321 1376 ut
344 1300 483 1375 alterius
517 1327 677 1401 sponsam
704 1327 800 1374 nemo
830 1303 971 1401 accipiet
1000 1305 1121 1398 (47).»
1141 1305 1184 1375 Ει
1213 1305 1260 1379 ita

148 1443 262 1517 porro.
291 1417 342 1490 Ex
365 1417 422 1491 his
447 1415 561 1518 itaque
591 1416 736 1516 aliisque
760 1443 827 1490 non
857 1418 1000 1516 paucis,
1029 1444 1117 1518 quae
1146 1418 1259 1492 allerri

146 1548 287 1632 possent
306 1534 380 1628 (48)
403 1532 615 1632 apertissime
632 1547 763 1606 constat
781 1533 999 1631 imperatores
1016 1558 1057 1607 ac
1074 1558 1169 1629 reges
1187 1533 1260 1607 siue

146 1648 325 1724 orientales
339 1649 412 1724 sire
423 1647 646 1723 occidentales
664 1664 853 1723 constanter
869 1665 1042 1747 spectasse
1058 1674 1205 1724 canones
1218 1674 1259 1722 ao

144 1763 280 1838 ‹lecrem
300 1789 383 1837 rom.
401 1763 596 1862 pontificum
622 1778 659 1836 ut
682 1762 773 1858 leges
790 1764 824 1835 vi
842 1790 905 1836 sua
929 1761 1167 1858 obligatorias,
1196 1787 1258 1835 nec

145 1905 225 1954 suas
249 1878 418 1953 adiecisse
432 1878 544 1976 leges,
565 1878 631 1953 nisi
648 1895 685 1952 ut
701 1877 832 1951 illarum
854 1878 1082 1951 executionem
1101 1893 1259 1975 urgerent

144 1994 310 2069 edremus
343 2008 571 2068 contumaces.
601 1994 689 2067 Hinc
716 1992 770 2066 vel
799 1994 873 2092 ipse
899 1992 941 2066 de
965 1995 1076 2067 blanca
1109 1991 1258 2066 scribone

143 2108 237 2183 baud
261 2109 448 2184 dubitavit:
472 2110 597 2182 «Hanc
613 2108 680 2181 sibi
697 2125 843 2181 mentem
868 2107 974 2182 luisse
999 2107 1096 2181 docet
1120 2132 1257 2208 quoque

144 2223 371 2311 lastinianus,
399 2240 437 2298 ut
459 2225 635 2298 vetustatis
661 2240 694 2297 et
718 2243 883 2297 canonum
906 2249 943 2296 se
967 2222 1133 2296 vindicem
1159 2247 1258 2321 prae-

144 2355 276 2424 staret,
296 2343 371 2413 ¹non
396 2365 502 2415 novos
526 2339 660 2436 regulas
687 2340 722 2411 in
746 2338 924 2412 ecclesiam
954 2336 1162 2424 invehendo,
1195 2337 1256 2411 sed

144 2471 276 2529 veteres
292 2454 454 2553 'augendo
479 2456 514 2528 in
540 2455 662 2528 melius
684 2457 797 2549 (49).»
956 2447 958 2450 ’

221 2570 320 2657 Quod
345 2571 376 2644 si
403 2571 437 2643 in
463 2570 634 2670 aliquibus
652 2569 784 2666 legibus
801 2569 845 2642 ab
864 2569 932 2642 illis
951 2568 1160 2668 principibus
1178 2566 1256 2641 latis

142 2691 239 2786 quae
258 2713 321 2786 pro
343 2685 474 2761 obiecto
499 2684 626 2759 habent
651 2712 706 2758 res
730 2685 989 2785 disciplinares,
1018 2710 1058 2758 ac
1076 2683 1257 2783 praecipue

141 2802 378 2899 coniugiorum
396 2801 588 2876 sanctiones
606 2817 639 2874 et
656 2800 916 2899 impedimenta,
938 2799 1064 2873 nullam
1082 2800 1149 2899 ipsi
1170 2798 1256 2871 inie-

143 2932 264 2991 cerunt
288 2942 453 2990 canonum
471 2931 504 2988 et
520 2914 683 2989 ecclesiae
702 2917 920 3003 mentionem,
943 2916 1002 2989 sed
1020 2915 1177 3010 videntur
1197 2941 1256 2988 eas

142 3059 184 3106 ex
209 3031 347 3133 propria
373 3030 569 3104 auctoritate
594 3046 760 3115 statuere,
783 3047 840 3102 aut
862 3029 1025 3103 ecclesiae
1049 3030 1256 3104 sanctionem

197 3324 199 3328 -
216 3290 269 3353 (ιιι)
283 3293 312 3341 in
327 3291 462 3354 capitulari
478 3291 617 3354 equism.
626 3303 666 3340 en.
682 3295 748 3341 titt.
765 3302 818 3352 cap.
829 3291 903 3341 xiil.
916 3290 942 3338 in
956 3287 1022 3339 coil.
1035 3286 1142 3338 Boluztt
1156 3286 1254 3336 locuit.

142 3371 193 3423 col.
205 3378 261 3424 228.

216 3450 267 3513 (47)
283 3451 344 3514 cap.
355 3452 384 3502 1..
397 3450 460 3501 ibid.
472 3449 520 3502 ool.
533 3457 587 3502 2³0.

216 3532 269 3592 (te)
284 3531 333 3589 Qui
351 3531 423 3595 plora
437 3532 520 3596 cupit,
539 3532 612 3583 adeat
626 3531 694 3582 carri.
706 3529 857 3593 Gorditiurir,
867 3532 938 3582 coins
952 3529 1105 3593 potissimum
1121 3527 1206 3579 labere
1215 3527 1257 3579 bic

141 3611 182 3660 usi
200 3623 303 3672 somus,
319 3610 346 3660 in
363 3614 434 3661 tract.
446 3613 488 3662 cit.
498 3615 535 3662 De
550 3612 707 3662 matrimonio
717 3625 769 3674 por.
778 3614 797 3661 1.
811 3611 833 3674 §.
847 3612 932 3661 x-xil.
945 3609 1068 3660 cleliam
1084 3607 1184 3658 biancbl
1196 3607 1255 3658 Del·

141 3689 281 3740 Γωιειιον
294 3688 395 3752 potino
409 3688 482 3740 dello
497 3689 596 3750 abiero,
610 3690 652 3740 lib.
666 3692 710 3740 lii.
721 3704 775 3753 cap.
787 3693 830 3738 vt.
844 3689 866 3752 §.
878 3693 889 3738 l
900 3702 969 3752 seqq.

195 3760 196 3763 ’
214 3771 266 3832 (49)
282 3769 336 3819 Lib.
348 3772 382 3821 11.
393 3773 432 3820 De
442 3770 582 3821 concordia
597 3784 651 3834 cap.
664 3774 706 3821 tii.
719 3784 744 3820 o.
758 3778 780 3820 2.
792 3796 801 3808 ·
812 3773 843 3821 et
854 3784 912 3820 anne
923 3769 1073 3820 lastinianus
1086 3769 1111 3818 in
1124 3768 1257 3831 Recepto

139 3849 174 3900 orl
190 3851 328 3899 Decianum
344 3849 371 3898 id
388 3850 511 3912 protessus
531 3853 568 3901 est
583 3850 678 3900 dicans:
694 3854 812 3915 asemper
828 3853 925 3900 nostrae
938 3848 1061 3899 serenitati
1073 3861 1132 3897 cura
1144 3847 1190 3896 luit
1204 3859 1255 3897 ser·

140 3929 239 3979 rendae
258 3930 401 3990 venstatis,
424 3931 531 3980 marimo
550 3929 706 3992 disciplinae,
729 3944 803 3993 quam
826 3943 961 3993 numquam
980 3928 1188 3993 contempsimus,
1209 3927 1257 3978 nisi

141 4013 170 4060 nt
186 4011 213 4059 in
230 4008 319 4059 melios
338 4023 495 4073 augerenus,
512 4011 653 4074 praesertim
671 4013 767 4074 quotics
782 4011 814 4061 de
828 4010 997 4061 ecclmiasticis
1016 4008 1118 4072 negotiis
1138 4007 1257 4070 contingit

140 4090 269 4154 quaene,
280 4101 349 4153 qttae
361 4093 472 4153 potrum
487 4092 590 4140 constat
607 4089 706 4153 reculis
721 4089 846 4151 definita,
859 4091 908 4139 imo
920 4087 1025 4138 adventu
1037 4088 1134 4151 superni
1144 4086 1256 4138 Numinis

142 4169 331 4232 impiata-ex
340 4168 447 4220 collect.
459 4169 546 4219 Auiani
559 4182 634 4234 prope
645 4169 732 4233 finem,
744 4173 769 4220 ct
780 4169 844 4233 apud
857 4169 988 4219 Batonium
1001 4167 1033 4217 ad
1051 4182 1091 4217 an.
1105 4171 1157 4217 stt.
1169 4180 1194 4217 n.
1207 4173 1255 4228 to,

142 4254 168 4301 et
183 4263 256 4314 seqq.
269 4263 348 4313 mque
359 4250 390 4300 arl
403 4264 429 4300 n.
445 4255 481 4300 ιι.
494 4249 535 4300 ubi
553 4251 605 4300 tuse
620 4251 666 4301 bac
680 4250 712 4302 de
727 4265 754 4302 re
769 4251 827 4314 agii.
839 4253 888 4302 Nec
904 4263 952 4301 non
968 4249 1034 4314 apud
1046 4246 1257 4313 ipsumtleilarcs

140 4331 190 4381 loc
205 4330 250 4381 cit.
1008 4343 1012 4350 ·
