2804 5062
175 358 1067 448 cnivnmnnnnsnmnn.utinum.
1121 373 1189 445 iit

100 511 223 588 deuius
240 511 385 587 alicuius
398 511 483 611 legis
502 511 751 587 ecclesiastieae
764 510 831 586 non
843 512 952 586 solum
969 513 1005 585 in
1022 514 1188 603 futurum,

100 652 196 702 rerum
220 629 323 701 etiam
340 629 376 702 in
393 629 607 729 praeteritum
623 657 632 717 ;
659 624 791 730 quoties
808 628 976 703 affirmant
992 626 1073 704 ¹eum
1090 656 1191 731 posse

100 741 164 818 oles
188 741 412 817 relaxationes
434 742 639 830 oonoedere‚
668 768 756 843 quae
776 768 832 816 res
858 743 893 814 in
919 770 958 818 eo
975 758 1064 818 statu
1090 743 1191 820 collo-

100 875 155 932 ωε
177 860 301 959 inquo
327 859 552 958 reperirentur
577 860 607 933 si
633 857 762 932 nullum
786 859 951 933 extitisset
968 859 1191 959 impedimen·

100 997 172 1061 om:;
200 972 335 1074 quoties
352 986 507 1046 asserunt
530 998 608 1046 eum
631 972 739 1074 posse?
753 971 882 1072 prolem
907 972 1089 1071 legitimam
1103 973 1187 1046 'effi-

100 1089 202 1162 rrein
218 1087 338 1162 ordine
351 1086 394 1161 ad
411 1087 500 1163 bona
517 1086 718 1187 spiritualia,
735 1087 837 1162 immo
849 1113 929 1162 rero
941 1102 975 1161 et
991 1086 1190 1186 temporalia

100 1201 283 1291 bduenda,
312 1203 361 1276 oti
387 1229 465 1278 mox
483 1201 694 1289 videbimus,
717 1202 856 1304 perinde
880 1227 920 1276 ao
942 1202 972 1276 si
996 1227 1018 1275 a
1040 1200 1190 1300 legitimo

100 1318 154 1392 oro
172 1332 352 1418 procreata
376 1316 510 1392 fuisset.
543 1316 638 1404 Quae
669 1318 805 1418 quidem
827 1316 939 1392 omnia
970 1314 1069 1391 nobis
1095 1315 1190 1390 exhi·

100 1446 158 1506 tut
171 1431 345 1505 notionem
363 1431 550 1506 sanationis
567 1431 798 1530 coniugiorum
814 1433 851 1503 in
865 1430 996 1516 radica,
1025 1445 1063 1504 ut
1082 1456 1124 1504 ex
1139 1429 1190 1503 di·

100 1546 141 1622 iis'
163 1562 312 1622 nonant.
342 1547 427 1620 Cum
452 1547 555 1645 igitur
578 1547 744 1622 eiusmodi
772 1562 968 1649 potestatem
994 1546 1139 1645 theologi
1157 1562 1191 1621 et

100 1662 273 1737 monistae
287 1662 390 1760 vulgo
408 1661 561 1736 tribuant
580 1666 665 1738 rom.
686 1663 836 1763 pontifici
853 1694 865 1751 ,·
882 1663 948 1737 lion
976 1663 1050 1763 ipso
1075 1663 1108 1735 ei
1132 1662 1192 1736 tri·

99 1794 184 1852 unt
216 1781 418 1879 potestatem
450 1779 493 1852 de
521 1805 589 1880 qua
621 1779 834 1853 disserimus.
854 1778 979 1878 sirpus
1003 1778 1085 1851 hino
1113 1782 1188 1864 est,

99 1893 168 1993 pud
191 1895 395 1968 Benedictus
410 1895 493 1967 xlv.
515 1895 639 1977 nedum
663 1895 762 1970 docet
786 1895 882 1968 nefas
898 1894 1034 1969 omnino
1056 1897 1131 1966 ‘essa
1149 1892 1192 1965 de

99 2032 125 2081 n
143 2008 286 2082 dubium
304 2035 461 2097 movere,
488 2036 605 2084 rernm
622 2009 724 2083 etiam
745 2011 940 2082 communem
957 2011 1069 2107 'penes
1093 2032 1192 2081 oano·

99 2121 186 2199 istas
205 2123 299 2198 hano
315 2126 445 2199 asserat
460 2127 538 2200 esse
551 2125 753 2199 sententiam
782 2126 871 2221 (21),
986 2128 1002 2143 ''
1059 2130 1062 2134 ’
1116 2128 1120 2167 ³

148 2240 192 2314 Bt
216 2265 302 2315 sane
318 2266 359 2314 ex
376 2240 452 2339 ipso
469 2241 543 2315 iure
559 2256 671 2341 potest
687 2244 771 2314 romss
793 2239 942 2340 pontifex
961 2239 1069 2337 legem
1087 2238 1191 2313 eoole

99 2353 251 2430 iutioem
267 2355 399 2430 irritare
415 2357 537 2431 nedum
551 2355 663 2457 quoad
676 2356 815 2430 effeetus
831 2356 866 2428 in
880 2371 1050 2455 posterum
1063 2369 1193 2429 secutu-

99 2470 154 2561 ros,
179 2472 300 2547 rerum
317 2472 420 2546 etiam
437 2473 707 2573 quoad-effeetus
724 2488 801 2545 ante
818 2486 979 2572 sequutos
996 2499 1004 2543 :
1032 2470 1083 2544 sio
1099 2469 1190 2544 enim

99 2584 237 2688 supressa
257 2587 382 2662 dicitur
405 2589 441 2661 in
465 2588 546 2663 iure⁴
563 2588 725 2662 oanonioo
745 2590 851 2661 Teuta
868 2590 904 2659 in
929 2587 1083 2660 Clamant.
1105 2584 1193 2672 Quo·

99 2705 170 2777 sort
192 2702 234 2776 de
255 2706 443 2776 oontmuoit.
458 2704 577 2778 emlers
591 2704 661 2778 lam
673 2703 881 2804 vero-‚··qnid
898 2702 992 2776 aliud
1004 2702 1089 2808 :iaoit
1105 2708 1189 2778 rom.

99 2817 226 2911 tundier
250 2815 332 2890 dum
357 2832 455 2892 sanat
478 2818 728 2892 matrimonium
749 2818 788 2890 -in
809 2815 1192 2916 radioel'impedimen·

99 2956 149 3005 um
170 2931 286 3020 tollit,
304 2931 458 3032 adeoque
472 2931 581 3006 irritat
596 2934 727 3031 effertus
744 2937 789 3005 er'
805 2958 845 3006 eo
862 2931 1104 3030 impedimento
1119 2949 1189 3005 tum

99 3063 265 3132 mimos,
289 3064 359 3123 tum
381 3049 476 3149 prius
492 3062 627 3121 serator.
655 3047 813 3121 Effectus
826 3073 926 3148 porro
949 3047 1024 3121 eius
1039 3045 1192 3145 impedi·

98 3165 180 3238 senti
201 3180 300 3237 erant
317 3163 512 3238 inhabilitas
524 3163 703 3261 ooniugum
721 3163 765 3237 ad
782 3162 1067 3249 contrahendum,
1091 3160 1193 3235 adeo·

98 3303 143 3377 po
157 3277 370 3351 invalidius
401 3277 577 3376 ooniugii‚
613 3276 793 3376 pmlesque
822 3275 1009 3374 illegitima.
1043 3273 1191 3349 Sublatis

98 3407 190 3494 uque
209 3391 387 3489 effectibus
412 3391 664 3466 ecclesiastieae
679 3391 783 3488 legis,
803 3417 843 3466 eo
861 3392 937 3490 ipso
955 3415 1118 3489 personae
1135 3388 1192 3464 ha

98 3507 161 3583 iles
193 3507 362 3582 dioendae
391 3507 536 3582 suntad
562 3507 848 3595 oontmhendum,
877 3506 1047 3605 legitimus
1078 3533 1191 3582 earum

98 3648 286 3711 ousensus,
315 3622 494 3723 prolesque
508 3621 668 3721 'legitima
697 3624 793 3718 (12).Ι

140 3874 193 3938 (11)
210 3878 317 3934 ouant.
332 3878 378 3926 rit.
397 3879 449 3928 tii.
464 3875 507 3926 ubi
518 3876 617 3928 scribit:
635 3895 648 3920 a
660 3877 838 3927 communiter
849 3874 938 3925 dooeni
948 3874 1088 3925 monialae
1100 3872 1125 3922 in
1135 3884 1189 3936 cap.

98 3965 126 4004 tr
137 3955 327 4008 emotum.
335 3975 348 4000 υ
358 3955 533 4020 prolixumque
543 3956 660 4020 uturum,
672 3956 786 4018 simiel,
796 3955 925 4006 elenchum
939 3953 1039 4005 exhibet
1045 3989 1053 4015 ,
1064 3952 1190 4002 nominan-

98 4031 169 4098 n'qne
187 4034 308 4087 undecim
328 4038 450 4100 memrot,
470 4039 547 4100 stoue
555 4035 638 4087 addit:
655 4039 771 4101 ruitque
784 4038 915 4100 perpetuo
931 4036 1018 4098 opinio
1033 4034 1123 4086 Rotae.

142 4114 193 4179 (²2)
209 4116 278 4166 liaeo
292 4115 395 4167 sortasse
409 4117 592 4182 simplicissima
606 4119 631 4167 et
645 4117 740 4182 optima
760 4117 822 4166 ratio
843 4117 881 4166 eet
897 4113 1047 4177 intelligendi
1068 4112 1193 4177 quomodo

98 4194 168 4246 uio
186 4194 231 4246 list
247 4196 399 4247 mammonii
420 4197 446 4248 iu
466 4197 557 4248 radim.
574 4197 672 4248 nomn
690 4197 819 4247 irritantur
832 4193 947 4258 assertus
965 4193 1134 4258 impedimenti
1149 4206 1192 4245 reu

98 4272 140 4335 trit
154 4275 345 4339 aeduinum
365 4277 435 4341 quod
450 4277 574 4342 legistator
593 4291 625 4329 er
642 4277 696 4342 ipso
712 4277 767 4328 iure
783 4276 864 4327 iacere
876 4275 966 4342 potest.
981 4275 1045 4328 ilino
1059 4286 1192 4326 consensus

98 4346 427 4420 kaminatensem.
444 4355 597 4416 Qnrenoiio
615 4356 708 4422 optime
727 4355 841 4422 mnssrnit
858 4367 915 4408 tum
934 4352 1192 4422 mmuorutue·
