2804 5062
243 347 310 417 itt
358 402 360 407 .
433 368 493 418 um.
515 368 551 417 u.
573 366 659 416 sacr.
680 367 808 416 ruram.
830 366 870 415 nn
896 365 1021 416 rorrsr.
1043 366 1153 418 crvrnr.

241 487 406 574 habuerit;
421 485 603 559 declaravit
613 511 633 557 e
645 484 810 558 contrario
823 484 972 557 invalida
984 510 1061 558 esse
1075 485 1265 559 infidelium
1279 513 1339 562 ma·

242 604 410 690 trimonia‚
439 628 526 701 quae
551 599 682 698 legibus
707 600 835 699 patriae
865 600 1075 673 irritantibus
1106 600 1339 688 adversantur,

241 719 305 791 nisi
337 744 397 817 per
420 717 696 791 consuetudinem
721 715 900 812 abrogatae
919 716 1042 789 fuerint
1068 715 1147 790 illae
1172 717 1300 815 leges.»

313 833 431 930 ltaque
459 832 551 905 iuxta
576 830 667 902 bunc
692 846 861 904 auctorem
878 857 908 902 s.
926 831 1038 916 sedes,
1054 857 1145 930 quae
1171 833 1343 908 declaravit

239 946 352 1022 ualida
379 946 589 1020 matrimonia
620 944 771 1018 fidelium
799 945 932 1018 etiamsi
963 944 1046 1020 inita
1081 947 1211 1020 luerint
1239 966 1343 1022 contra

240 1063 330 1161 leges
348 1062 487 1162 patrias,
508 1061 599 1159 quod
622 1076 712 1133 esset
731 1075 846 1133 contra
866 1074 1015 1160 systema
1038 1062 1081 1133 D.
1102 1061 1276 1151 Caruere,
1295 1092 1343 1164 pa·

192 1197 193 1201 ’
239 1178 319 1250 riter
335 1177 538 1250 declarasset
562 1175 712 1249 inualida
736 1201 823 1276 quae
841 1175 1051 1249 celebrantur
1077 1178 1200 1251 eadem
1225 1181 1342 1253 ratione

239 1290 281 1364 ab
301 1290 492 1364 infidelibus
519 1290 685 1387 coniugia.
707 1291 743 1360 Si
760 1291 806 1362 ita
831 1315 869 1363 se
890 1317 943 1363 res
970 1290 1109 1365 baberet
1131 1292 1269 1393 absque
1289 1295 1342 1366 du·

236 1403 294 1477 bio
322 1404 401 1477 huic
429 1421 519 1478 esset
546 1404 796 1478 adhaerendum
816 1406 1016 1478 sententiae.
1045 1406 1107 1479 Ast
1121 1420 1215 1480 'vero
1240 1408 1342 1482 existit

238 1545 280 1592 ne
297 1520 463 1594 eiusmodi
480 1519 686 1594 declaratio?
699 1520 838 1593 Constat
856 1547 900 1594 ne
916 1520 959 1594 de
975 1521 1128 1595 eiusdem
1148 1523 1342 1598 existentia?

238 1636 348 1733 Longe
366 1635 480 1722 abest,
498 1636 609 1734 inquit
627 1636 759 1721 Martia,
776 1636 858 1735 quiri
877 1636 921 1708 de
937 1663 977 1709 ea
995 1654 1136 1711 constet.
1156 1639 1244 1725 Quis
1261 1641 1340 1713 enim

237 1777 310 1824 eam
335 1751 416 1847 legit
440 1755 590 1849 unquam
620 1766 679 1822 aut
697 1748 801 1823 vidiri
827 1750 968 1823 Ubinam
992 1753 1182 1852 reperitur?
1208 1755 1342 1841 Quando

238 1883 296 1939 aut
309 1892 328 1937 a
342 1892 410 1965 quo
437 1892 568 1939 summo
583 1866 742 1964 pontifice
759 1851 887 1965 prolata
902 1866 989 1941 tuiti
1001 1868 1172 1954 Quisnam
1190 1872 1244 1944 est
1261 1873 1341 1945 eius

236 1981 312 2055 dem
326 1980 442 2054 tenor?
460 1982 632 2067 Quaenam
652 1980 780 2055 forma?
792 1983 855 2055 Est
870 2009 913 2056 ne
926 1982 1029 2070 bulla,
1041 1982 1157 2071 breve,
1177 1986 1339 2060 decretum

236 2096 271 2168 in
295 2123 363 2196 quo
384 2096 520 2196 proprie
537 2096 725 2169 declaretur
750 2097 887 2169 nullitas
906 2098 1153 2196 praedictorum
1180 2101 1340 2198 coniugio

174 2307 176 2311 ⁷
237 2238 309 2285 mm
326 2211 370 2285 ab
392 2211 587 2286 infidelibus
608 2229 723 2285 contra
742 2211 833 2308 leges
847 2213 1036 2310 principum
1056 2213 1232 2288 irritantes
1248 2216 1340 2288 inito·

237 2326 412 2400 rumised
430 2326 516 2399 nibil
540 2327 733 2400 huiusmodi
758 2327 917 2418 occurrit,
941 2327 973 2397 in
995 2327 1100 2400 ullius
1122 2355 1155 2400 s.
1178 2331 1339 2429 pontilicis

234 2441 398 2528 Bullario,
416 2467 478 2514 nec
496 2442 528 2513 in
546 2441 740 2515 collectione
758 2468 798 2515 ea
815 2442 939 2526 omnia,
956 2468 1043 2540 quae
1055 2443 1099 2514 ad
1114 2444 1298 2519 missiones
1313 2462 1339 2517 ct

236 2558 464 2631 missionarios
477 2573 645 2653 spectant,
665 2557 914 2654 complectente,
935 2544 994 2629 cui
1008 2557 1138 2630 titulus:
1158 2562 1338 2632 Bullurr'um

231 2675 432 2770 pontificium
452 2699 563 2743 sacrae
578 2674 833 2767 oonprepatt'ouis
847 2672 885 2740 de
895 2672 1111 2769 propagando
1123 2674 1189 2771 fide
1206 2679 1259 2768 (5.
1276 2674 1335 2746 vol.

235 2787 270 2856 in
294 2789 325 2855 l.
349 2788 471 2857 Romae
498 2789 603 2857 tito.
634 2787 737 2884 Typis
760 2787 888 2881 collegii
917 2785 1040 2856 Urbani
1066 2789 1155 2879 (49).
1184 2790 1280 2861 Unde
1313 2790 1337 2862 si

236 2918 353 2996 agatur·
378 2901 421 2972 de
438 2901 639 2996 dogmatica,
662 2918 719 2972 aut
732 2901 892 2996 generali,
914 2917 969 2972 aut
984 2902 1117 2999 proprie
1133 2902 1227 2975 diota
1247 2931 1276 2976 s.
1296 2930 1339 2976 se

233 3016 287 3087 dis
302 3015 526 3088 declaratione
543 3017 584 3086 ad
605 3017 835 3111 coniugiorum
854 3015 985 3088 illorum
1005 3015 1252 3090 invaliditatem
1272 3046 1338 3118 per·

234 3132 379 3217 tinente,
408 3131 500 3203 nulla
526 3158 673 3230 unquam
703 3132 842 3228 prodiit,
871 3131 962 3203 nulla
985 3158 1124 3228 prorsus
1153 3134 1280 3206 existit.
1307 3135 1336 3203 Si

234 3271 311 3318 vero
340 3262 459 3342 agatur
476 3246 518 3316 de
542 3246 654 3344 aliquo
675 3245 816 3318 alicuius
846 3273 874 3317 s.
892 3247 1159 3343 congregationis
1189 3275 1338 3321 romanae

235 3387 408 3458 response,
438 3378 494 3433 aut
518 3363 649 3434 decreto
678 3360 869 3459 particulari
902 3388 962 3432 seu
983 3362 1025 3432 ad
1051 3387 1170 3434 casum
1198 3366 1338 3461 particu-

236 3475 336 3547 larem
351 3503 412 3573 pro
429 3479 560 3547 attentis
577 3476 799 3572 peculiaribus
816 3478 1067 3548 circumtantia
1085 3480 1272 3575 spectante,
1289 3505 1337 3549 re·

235 3616 307 3660 rum
334 3591 428 3662 cuius
453 3616 519 3661 non
545 3617 585 3661 ea
608 3590 661 3662 vis
686 3606 749 3675 est,
770 3604 806 3661 ut
832 3590 1061 3687 quaestionem
1087 3589 1194 3662 ullam
1221 3593 1337 3665 doctri-

306 3823 355 3884 (tu)
372 3826 420 3872 Nec
439 3821 601 3871 omittendum
615 3822 681 3884 qrrorl
696 3822 720 3870 iu
736 3823 850 3871 urrirersa
864 3823 957 3885 synodo
970 3822 1101 3871 vicariatus
1110 3824 1267 3873 sutchueusis
1280 3836 1337 3885 quac

235 3903 316 3950 liubila
335 3906 372 3951 cst
395 3903 419 3949 in
438 3901 502 3950 Sinis
518 3902 542 3950 in
559 3902 671 3951 districtu
688 3905 770 3963 Tcoug
790 3903 853 3961 King
876 3903 973 3951 Tcheou
993 3915 1032 3950 an.
1053 3909 1120 3951 180³.
1142 3917 1173 3952 ae
1190 3907 1282 3953 Romae
1297 3903 1336 3950 im·

235 3994 315 4042 pressa
332 3981 541 4043 an.1837.Typis
561 3995 643 4030 sacrae
669 3971 806 4043 congregat.
825 3982 855 4031 dc
870 3981 1025 4044 propaganda
1047 3980 1111 4043 fido,
1135 3982 1199 4031 nihii
1222 3982 1335 4033 eiusmodi

233 4064 356 4120 occurrat,
369 4062 413 4111 etsi
425 4062 495 4123 plura
510 4064 648 4111 statuantur
659 4063 690 4111 de
706 4062 850 4111 matrimoiis
865 4062 1000 4111 infidelium
1010 4061 1064 4110 sire
1073 4062 1098 4110 in
1107 4061 1195 4111 utba
1206 4062 1335 4125 inpttrrrro,

233 4139 285 4189 sire
297 4140 320 4188 iu
332 4141 370 4189 tit.
387 4145 422 4188 Dc
437 4144 617 4200 matrimonio,
634 4144 685 4191 siue
701 4144 725 4190 in
742 4142 901 4191 instructione
919 4142 1033 4204 pastorali
1047 4143 1145 4191 loannis
1161 4143 1281 4193 Desiderii
1291 4142 1334 4203 epi·

233 4215 299 4281 scopi
314 4218 464 4269 cataniensis
474 4220 557 4268 ricerii
567 4222 732 4282 sutcirucnsis,
745 4235 808 4283 qrrae
819 4221 877 4269 satis
887 4221 981 4284 prolixa
992 4223 1035 4270 est.
1043 4223 1118 4270 Porro
1127 4221 1148 4271 si
1158 4223 1285 4286 quidpiam
1294 4222 1335 4270 liae·

234 4299 265 4349 de
281 4312 306 4349 re
319 4300 478 4350 constitutum
490 4301 585 4362 luisset,
603 4303 686 4364 procui
701 4301 776 4352 dubio
787 4302 983 4364 praetermissum
997 4301 1097 4352 minuare
1112 4306 1185 4353 esset.
