2804 5062
146 349 216 421 lut
278 411 281 415 .
347 370 723 423 .nrn.11.sror.r.or
749 370 1056 425 normanorum..
1135 406 1139 415 .

137 504 269 591 'potest
287 489 406 590 ltaque
430 502 620 566 consensus
646 489 792 591 partium
810 489 982 564 esteveluti
1005 488 1255 567 fundamentum

142 623 183 685 eti
203 606 300 686 radix
325 607 434 708 ipsius
460 605 628 704 coniugii,
658 632 766 706 eoque
791 605 942 694 sublato,
966 606 1085 680 omnis
1118 608 1255 706 coniugi

146 724 233 799 ratio
258 723 393 824 penitus
419 723 602 797 evanescit.

136 900 140 905 .
217 838 280 915 Ast
305 864 374 913 non
399 839 513 939 quivis
530 865 721 916 consensus
734 841 781 916 ,ad
800 838 1068 915 contrahendum
1092 840 1255 919 matrimo

146 956 241 1031 nium
258 955 403 1044 sufficit,
423 956 486 1031 sed
504 983 643 1032 necesse
670 972 844 1057 praeterea
869 971 939 1045 est,
967 956 1074 1032 nteit
1103 957 1255 1056 tatem

146 1097 209 1153 seu
234 1098 255 1144 a
279 1071 435 1172 personis
461 1071 615 1162 elicitus,
645 1099 733 1173 quae
757 1073 828 1148 sint
853 1073 926 1145 iure
951 1071 1086 1147 habiles
1119 1072 1163 1145 ad
1186 1099 1255 1146 eun

138 1202 351 1263 consensum
369 1186 618 1288 praebendum
640 1187 789 1289 alioquin
803 1213 992 1263 consensus
1006 1204 1060 1262 est
1072 1186 1190 1261 nullus
1207 1212 1255 1261 ne

149 1299 305 1376 ellectum
331 1301 488 1402 producit
512 1304 556 1378 ad
581 1329 683 1402 quem
701 1303 819 1391 datur,
841 1318 958 1403 utpote
974 1300 1105 1376 nullius
1128 1300 1252 1384 valoris

217 1417 321 1492 -l’orro
346 1417 419 1492 fieri
444 1433 607 1518 potestat
623 1418 679 1491 hic
697 1443 884 1492 consensus
902 1417 1102 1515 illegitimus
1127 1417 1175 1493 sit
1197 1416 1255 1501 iura

148 1546 209 1606 aut
229 1531 395 1619 naturali,
414 1547 474 1617 aut
498 1532 632 1621 divino,
659 1548 717 1607 ant
741 1533 990 1621 eeclesiastico,
1011 1548 1073 1606 aut
1089 1532 1194 1606 edam
1209 1529 1255 1605 ali

143 1673 218 1747 >quo
241 1628 513 1749 soburespectnss
535 1649 609 1725 ium
632 1649 738 1724 civili.
759 1650 795 1721 Si
822 1649 868 1723 sit
891 1647 1091 1746 illegitimus
1120 1647 1194 1721 iure
1216 1672 1255 1721 na

148 1762 249 1839 tuteli
285 1781 593 1864 pressejsumpto,
623 1780 681 1839 aut
706 1766 779 1839 iure
803 1765 945 1853 divino,
973 1763 1021 1838 ita
1036 1763 1209 1850 ‘vitiatum
1228 1788 1255 1839 o·

149 1879 242 1956 nullo
267 1880 368 1958 modo
392 1881 507 1955 sanari
534 1881 643 1980 possit
664 1881 707 1955 ab
732 1881 882 1965 humane
906 1879 1027 1981 quavis
1051 1877 1252 1965 tauctoritote¹

148 2012 378 2098 perpetuoque
400 1996 527 2071 idcirco
550 1996 683 2071 irritum
704 1994 916 2098 permanebit
931 1993 1133 2092 coniugium
1159 1994 1206 2066 ita
1227 1989 1255 2064 il

150 2109 299 2209 legitime
332 2128 553 2187 contractum.
582 2114 617 2184 Si
645 2138 725 2187 vcro
750 2111 947 2209 illegitimus
973 2111 1019 2184 sit
1043 2109 1120 2183 iure
1146 2125 1255 2182 tanum

150 2230 333 2318 canonico,
356 2255 416 2304 scu
442 2230 486 2303 ob
512 2229 788 2330 impedimentum
810 2226 948 2328 aliquod
974 2226 1142 2299 dirimens
1162 2224 1255 2298 abeo

149 2344 257 2420 clesia
273 2338 533 2433 constitutum,
562 2359 643 2419 tunc
672 2343 750 2417 licet
776 2344 822 2416 ita
846 2342 985 2416 vitiatus
1012 2342 1059 2415 sit
1082 2360 1255 2416 consensu

150 2476 189 2535 at
212 2478 419 2536 contractum
446 2461 657 2560 coniugalem
684 2460 815 2534 irritum
841 2459 975 2545 reddat,
997 2457 1255 2532 nihilominusr

150 2577 303 2651 eiusdem
321 2579 530 2651 auctoritatis
549 2605 618 2678 qua
638 2577 916 2676 impedimentum
935 2589 1097 2648 statutum
1117 2590 1189 2662 est,
1208 2572 1255 2648 sci

152 2690 230 2765 licet
253 2690 438 2780 ecclesiae,
460 2692 530 2766 tolli
550 2694 651 2766 ctiam
678 2708 808 2791 potest3
831 2718 891 2765 scu
907 2691 1025 2764 vitium
1049 2689 1136 2762 illud
1155 2691 1203 2764 ita
1218 2715 1255 2764 se

148 2809 226 2903 ‚nari
247 2825 375 2908 potest,
402 2825 442 2881 ut·
460 2836 499 2885 eo
526 2809 677 2896 sublato,
707 2824 778 2882 tum
804 2825 995 2883 contractus
1020 2807 1161 2881 validus
1177 2832 1255 2882 exnr

144 2940 231 3025 gat,
253 2942 321 3027 tum
342 2940 610 3023 sacramentum,
631 2926 778 3028 illosque
796 2953 914 3001 omnes
933 2924 1099 3024 producat
1117 2923 1254 3021 allectus

151 3069 238 3145 quos
263 3043 479 3144 pmduxisset
503 3042 572 3116 nisi
598 3042 763 3117 obfuisset
788 3043 907 3117 vitium
933 3042 1029 3115 illud.
1058 3041 1171 3151 Atque
1195 3041 1255 3126 him

152 3178 232 3249 est,
263 3161 355 3261 quod
382 3160 514 3234 sanatio
540 3161 574 3232 in
601 3159 715 3261 radice
736 3160 779 3234 de
804 3186 873 3260 qua
898 3159 1099 3233 disserimus
1127 3186 1150 3232 a
1175 3146 1255 3240 Bene

150 3278 243 3352 dicto
259 3278 343 3350 xlv.
361 3277 562 3352 definiatur:
587 3277 712 3377 «Lapis
736 3278 989 3360 ecclesiasticae,
1015 3300 1105 3375 quac
1132 3270 1255 3375 impedi

151 3394 461 3491 mentumwinduxit
487 3394 661 3491 abnegatio
682 3393 716 3466 in
743 3419 825 3466 casu
850 3391 1066 3491 particulari,
1095 3374 1255 3476 coniunot

152 3533 229 3581 cum
265 3507 451 3583 irritatione
486 3508 635 3583 omnium
671 3508 849 3582 ellectuum
878 3508 978 3580 etiam
1009 3520 1110 3579 antea
1136 3534 1179 3580 ex
1203 3505 1255 3602 lep

153 3636 344 3697 secutorum
361 3626 451 3719 (l).»

226 3742 276 3813 Ex
303 3740 359 3814 his
385 3739 453 3814 iam
484 3742 682 3841 intelligitur
707 3746 741 3814 l.
764 3769 869 3842 quare
893 3741 1017 3815 ablatio
1042 3739 1146 3814 istius
1173 3737 1245 3814 vitii

153 3884 221 3958 quo
239 3857 437 3956 illegitimus
463 3859 570 3932 evasit
596 3885 783 3932 consensus
801 3887 840 3932 ac
859 3875 1036 3959 propterea
1057 3856 1198 3946 nullus,
1217 3878 1255 3930 ro

154 3988 247 4046 octor
271 3977 423 4060 sanctio,
453 3976 650 4075 metaphora
668 4003 688 4049 a
705 3975 822 4049 morbo
841 3975 1030 4074 desumpta.
1054 3968 1255 4072 Dispensati

154 4088 244 4160 enim
264 4117 352 4189 quae
373 4092 486 4167 nativo
506 4092 588 4166 vitio
606 4092 855 4191 quodammodo
877 4089 1050 4177 medetur,
1076 4090 1124 4162 ita
1142 4105 1182 4162 ut
1198 4112 1256 4162 con

154 4229 279 4278 sensus
308 4205 444 4306 ineptus
477 4207 521 4280 ad
544 4208 778 4307 producendos
805 4206 947 4281 effectus
976 4232 1064 4305 quos
1090 4206 1255 4304 producet

226 4355 261 4420 (t)
278 4360 383 4417 Quomt.
395 4362 515 4411 canente.
528 4373 553 4424 q.
567 4365 618 4413 174.
633 4365 658 4412 et
669 4365 707 4413 De
718 4359 905 4426 synododtoer.
919 4359 962 4410 liu.
972 4361 1040 4410 xm.
1052 4370 1108 4422 cap.
1121 4364 1163 4410 tt.
1176 4371 1203 4409 n.
1214 4361 1237 4408 7.
