2804 5062
194 395 316 448 mavi.
330 397 370 446 ns
384 395 481 448 narn.
496 396 630 448 arsam.
645 397 708 446 ivr.
719 397 755 447 se
769 396 902 447 renova
915 396 1008 446 cira.
1022 398 1092 447 aar.
1105 399 1139 448 u.
1186 378 1252 448 211

216 514 321 588 Hisce
345 515 552 612 argumentis
576 515 684 616 prima
717 516 824 590 fronte
853 542 920 590 non
945 516 1102 603 levibus,
1130 534 1163 590 et
1190 518 1258 594 alie

145 628 233 701 baud
259 630 454 728 spernenda
479 629 662 704 accedunt:
682 634 715 702 1.
739 645 791 703 est
815 630 928 731 quod,
949 647 986 705 ut
1002 631 1173 706 adnotavit
1197 634 1258 706 Be-

142 743 296 818 nedictus
320 744 403 817 xlv.
433 746 468 816 in
494 771 557 820 aaa
583 745 659 845 ipsa
682 745 915 819 Declarationc
946 771 1006 844 pro
1035 747 1257 821 matrimoniis

142 857 370 946 llollandiae,
402 860 524 936 «licet
544 861 710 935 Sanctitas
736 886 818 947 sua,
847 887 913 934 non
940 861 1142 957 ignoraverit
1172 862 1257 936 alias

144 975 174 1047 in
191 975 338 1051 casibus
355 976 561 1077 quibusdam
580 975 859 1078 particularibus,
875 991 909 1050 et
920 976 1055 1051 attentis
1074 994 1143 1050 tum
1161 1005 1259 1077 expo

142 1091 214 1166 sitis
241 1091 536 1181 circumstantiis,
562 1118 695 1168 sacram
721 1093 1011 1189 congregationem
1035 1093 1168 1166 concilii
1197 1120 1258 1192 pro

142 1231 255 1280 eorum
277 1207 536 1305 (coniugiorum
555 1207 643 1280 inter
660 1205 868 1301 haereticos)
891 1205 1100 1280 invaliditate
1120 1234 1259 1306 respon-

142 1320 248 1408 disse,
280 1347 388 1421 acque
413 1337 525 1396 tamen
552 1336 758 1422 compertum
786 1319 943 1394 habuerit
967 1322 1053 1394 nihil
1077 1321 1184 1395 adhuc
1207 1350 1259 1421 qe·

144 1438 282 1509 amatim
307 1451 339 1510 et
363 1439 515 1510 universe
537 1463 640 1537 super
659 1436 827 1511 eiusmodi
850 1436 1072 1510 matrimoniis
1091 1436 1199 1512 luisse
1215 1437 1258 1510 ab

143 1551 328 1652 apostolica
354 1553 434 1628 sede
460 1553 674 1641 definitum»
689 1579 730 1626 ex
754 1578 822 1652 quo
848 1552 1000 1652 sequitur
1026 1551 1112 1624 nihil
1137 1552 1259 1627 obesse

146 1666 328 1765 quominus
354 1668 433 1767 quis
459 1668 495 1740 in
519 1666 751 1765 benigniorem
772 1667 972 1742 sententiam
996 1666 1150 1754 inclinet,
1171 1694 1258 1741 cam-

144 1807 205 1880 que
230 1781 485 1883 complectatur.

213 1900 249 1970 2.
281 1898 361 1986 Est,
394 1897 486 1998 quod
510 1898 590 1972 licet
610 1926 671 1998 per
693 1926 746 1983 ec,
776 1914 877 1998 atque
903 1897 1084 1970 tridentina
1115 1898 1259 1996 disposi-

146 2013 231 2088 tione
244 2014 283 2085 in
297 2013 409 2111 rigore
429 2030 580 2114 accepta,
600 2013 685 2089 haec
702 2013 914 2087 matrimonia
940 2012 1090 2086 invalida
1115 2012 1260 2088 dicende

145 2145 275 2214 essent,
298 2143 412 2201 tamen
433 2155 475 2202 ex
494 2128 658 2204 ecclesiae
685 2128 784 2202 tacita
809 2128 927 2201 saltem
953 2127 1164 2201 conniventia
1190 2143 1261 2202 rata

146 2239 260 2317 haberi
281 2244 417 2343 possint
430 2269 470 2318 ac
482 2243 607 2318 valida.
631 2244 755 2343 Reipsa
773 2243 865 2317 card.
889 2242 975 2317 Gotti
993 2269 1069 2317 cum
1088 2242 1154 2316 sihi
1172 2243 1260 2316 obie

145 2359 247 2434 cisset
264 2385 337 2434 sac.
354 2360 623 2459 congregationis
647 2359 780 2434 concilii
803 2358 974 2432 decretum
992 2385 1048 2432 an.
1072 2360 1178 2431 tota.
1191 2383 1260 2458 quo

146 2472 235 2549 irrita
253 2474 341 2550 haec
358 2476 516 2574 coniugia
533 2476 778 2565 decernuntur,
799 2475 934 2550 subdit:
952 2475 1038 2546 «Alii
1059 2491 1169 2549 tamen
1188 2500 1261 2573 pro

144 2586 254 2664 babile
279 2607 422 2666 censent
446 2591 521 2667 illos
547 2591 800 2688 (haereticos),
821 2618 861 2665 ex
881 2593 981 2665 tacita
1004 2591 1128 2666 summi
1150 2590 1261 2692 ponti-

146 2703 214 2780 licis
234 2705 380 2781 scientia
396 2734 464 2782 non
482 2706 695 2782 reclamantis
714 2707 987 2806 dispensatione,
1010 2708 1040 2781 si
1063 2706 1149 2779 nihil
1167 2706 1261 2780 aliud

147 2819 257 2907 obsit,
291 2821 405 2896 valide
434 2822 653 2909 contrahere,
685 2823 715 2897 si
741 2821 942 2896 contrahant
967 2848 1079 2896 coram
1106 2823 1262 2896 ministro

148 2958 229 3024 sno,
259 2936 314 3012 vel
340 2937 398 3011 ubi
425 2938 633 3014 consuetudo
659 2952 728 3024 est,
750 2963 861 3011 coram
883 2937 1016 3012 duobus
1044 2937 1199 3011 testibus.
1220 2936 1263 3009 llt

150 3050 226 3124 ratio
245 3067 319 3138 cst,
340 3053 421 3151 quia
439 3052 583 3128 ecclesia
601 3078 715 3126 eorum
735 3052 949 3126 matrimonia
969 3079 1033 3125 noa
1053 3054 1160 3124 reiicit
1177 3066 1263 3123 tam·

149 3188 245 3262 quam
264 3164 442 3263 illegitima
458 3169 573 3262 (21).»

216 3283 254 3354 3.
282 3280 365 3368 Est,
393 3282 484 3382 quod
511 3283 596 3357 haec
625 3282 786 3356 ecclesiae
820 3281 918 3355 tacita
950 3280 1163 3354 conniventia
1195 3304 1261 3351 non

151 3394 244 3469 nodo
265 3396 414 3494 supponi
436 3412 566 3495 potest,
588 3396 649 3468 sed
667 3397 844 3469 manifeste
862 3394 1030 3491 colligitur
1049 3420 1089 3467 ex
1109 3392 1263 3466 eiusdem

149 3508 265 3605 egendi
294 3509 441 3597 ratione;
471 3536 549 3583 nam
575 3536 652 3583 cum
678 3509 778 3584 ambo
803 3509 963 3606 coniuges
989 3536 1029 3581 ex
1057 3508 1188 3582 haeresi
1220 3507 1263 3597 ad
1341 3604 1344 3609 ,

151 3623 392 3718 professionem
409 3623 596 3699 catholicae
619 3624 792 3722 religionis
813 3652 850 3699 se
872 3625 1056 3724 recipiunt,
1078 3649 1264 3723 numquam

148 3760 199 3812 cos
225 3738 337 3835 adigit
358 3740 401 3815 ad
428 3740 656 3814 renovandum
683 3767 906 3828 consensum,
936 3766 1003 3840 quo
1029 3738 1163 3812 illorum
1188 3763 1265 3811 con·

151 3849 274 3951 iugium
302 3853 489 3952 legitimum
513 3856 659 3943 evadat,
690 3883 801 3956 neque
826 3882 987 3956 umquam
1014 3853 1199 3955 permittit,
1230 3870 1268 3926 ut

152 3992 253 4045 novae
274 3971 415 4070 nuptiae
435 3972 615 4060 ineantur,
636 3998 676 4045 ac
694 3972 723 4045 si
745 3971 837 4045 nulla
862 3995 902 4045 ac
928 3971 1104 4068 illegitima
1127 3968 1267 4043 haberet

156 4083 316 4162 eiusmodi
343 4085 589 4163 haereticorum
614 4087 795 4162 connubia.
818 4088 874 4160 Sic
891 4114 943 4161 ex.
958 4114 1008 4184 gr.
1027 4088 1062 4159 in
1077 4085 1266 4160 Palatinatu

157 4198 380 4301 Neoburgico,
409 4220 589 4305 postquam
616 4206 660 4278 ad
685 4205 886 4304 obsequium
918 4230 1076 4278 romanae
1102 4203 1266 4278 ecclesiae

214 4352 267 4416 (tt)
280 4356 412 4407 Dcmctr.
422 4356 518 4420 quaest.
529 4356 595 4407 Vlll.
609 4353 669 4406 dub.
679 4357 722 4406 xl.
733 4353 757 4418 §.
768 4361 791 4407 a.
801 4367 826 4404 a.
840 4361 878 4406 22.
1195 4428 1217 4473 *
