2804 5062
143 350 211 422 too
328 402 330 407 -
384 371 445 422 ιιιι.
468 371 503 420 ιι.
524 370 611 421 secr.
635 373 656 420 ι.
679 372 718 420 ne
738 371 864 421 rorrsr.
886 371 1011 423 encres.

140 518 217 566 veru
234 490 373 591 quidem
395 492 586 577 consensit,
603 491 662 564 sed
682 491 830 564 invalide
846 488 890 564 ob
907 491 1017 565 latens
1036 491 1254 592 impedimen-

140 623 231 694 tum,
264 622 333 679 tum
358 605 468 680 locum
494 624 582 680 certe
608 606 711 680 habet
740 607 904 680 ecclesiae
931 608 1129 681 auctoritas.
1162 608 1255 682 «Non

140 747 224 796 sene
248 720 395 819 agendo,
415 736 454 794 ut
475 721 593 794 iterum
618 721 769 822 loquitur
793 721 994 796 Benedictus
1020 723 1107 811 xlv,
1138 740 1176 797 ut
1192 750 1257 797 mo·

141 839 335 911 trimonium
364 834 499 910 nulliter
525 855 757 927 contractum,
787 866 853 912 non
880 839 929 912 ita
958 853 1169 912 contractum
1193 839 1258 913 lue

142 953 205 1040 rit,
233 952 294 1026 sed
318 952 457 1027 effectus
483 953 560 1028 illos
583 954 750 1042 tollendo,
772 954 830 1055 qui
854 953 897 1028 ob
922 953 1121 1027 huiusmodi
1148 955 1259 1028 matri-

143 1068 247 1140 monii
272 1067 459 1141 nullitatem
485 1083 563 1141 ante
590 1069 755 1142 indultam
780 1068 1069 1168 dispensationem
1095 1094 1138 1141 ac
1164 1069 1257 1142 etiam

144 1181 178 1253 in
206 1183 282 1280 ipso
307 1183 526 1257 contrahendi
552 1184 755 1257 matrimonii
783 1199 860 1255 actu
887 1182 1041 1281 producti
1073 1182 1257 1256 fuerunt.»

16 1339 18 1343 v
143 1295 276 1382 Quibus
300 1296 412 1370 verbis
438 1298 540 1371 etiam
558 1298 679 1372 modus
700 1297 870 1371 indicatur
886 1322 955 1396 quo
981 1297 1057 1398 ipsa
1083 1297 1123 1371 fit
1150 1298 1259 1371 matri-

143 1412 247 1486 monii
269 1412 304 1485 in
323 1414 436 1487 radice
457 1415 600 1488 sanatio.

216 1527 264 1602 Ac
289 1529 410 1603 modus
435 1530 573 1630 quidem
601 1557 668 1630 quo
699 1557 752 1605 res
780 1533 865 1606 haec
889 1531 1022 1631 concipi
1053 1528 1158 1603 debet
1183 1554 1260 1602 non·

144 1645 230 1717 nihil
257 1646 358 1720 habet
379 1647 609 1721 difficultatis:
635 1649 738 1722 immo
762 1675 842 1723 vero
864 1649 949 1723 haec
971 1647 1158 1721 difficultas
1183 1648 1261 1721 ratio

144 1761 206 1836 luit
228 1764 404 1864 potissima
417 1789 478 1838 cur
497 1766 636 1865 quidam
662 1765 750 1840 hanc
768 1781 965 1866 potestatem
983 1763 1193 1838 matrimonii
1210 1788 1260 1837 sa-

145 1877 249 1951 nandi
267 1881 302 1950 in
321 1880 435 1953 radice
451 1879 504 1954 vel
522 1881 721 1978 denegarint
736 1881 789 1954 vel
808 1881 918 1955 solum
936 1879 1074 1953 nominc
1089 1893 1192 1953 tonus
1207 1877 1261 1950 ad·

144 1994 323 2083 miserint,
359 1996 440 2095 quia
466 1995 624 2068 nimirum
650 1995 792 2093 intelligi
819 1994 912 2069 nullo
937 1994 1037 2068 modo
1062 2019 1169 2094 posse
1184 2017 1260 2066 cen·

143 2109 289 2199 subant,
310 2111 479 2211 quomodo
509 2112 685 2211 posteriori
712 2127 788 2185 actu
813 2113 848 2184 id
874 2111 1024 2185 validum
1052 2109 1128 2182 lieri
1157 2109 1261 2210 possit

145 2226 236 2325 quod
262 2226 448 2301 invalidum
473 2227 518 2300 ab
539 2227 636 2301 initio
654 2227 736 2316 luit,
766 2227 869 2326 idque
886 2242 963 2327 post
979 2225 1093 2325 plures
1111 2222 1262 2325 quando-

145 2368 212 2441 que
237 2370 366 2432 annos,
396 2344 463 2417 imo
494 2343 594 2416 etiam
621 2342 827 2442 quandoque
853 2358 1032 2442 postquam
1058 2339 1113 2414 uel
1144 2339 1262 2414 alteru·

144 2474 213 2545 ter,
241 2457 294 2531 vel
320 2474 461 2559 uterque
492 2459 673 2556 coniugum
698 2458 768 2531 vitu
798 2456 932 2530 iunctus
964 2455 1096 2528 fuisset.
1134 2455 1163 2525 li
1188 2476 1262 2528 voro

146 2575 233 2674 qui,
262 2589 299 2646 ut
326 2575 398 2647 fieri
423 2575 541 2664 debet,
572 2575 661 2648 hanc
678 2589 875 2675 potestatem
901 2571 1064 2646 ecclesiae
1090 2597 1153 2645 seu
1178 2596 1257 2645 rom.

146 2690 297 2789 pontifici
314 2691 507 2780 vindicant,
529 2691 655 2792 duplici
677 2692 777 2765 modo
804 2717 873 2763 rem
899 2688 1103 2789 explanant,
1135 2714 1177 2762 ac
1199 2713 1262 2761 ma·

146 2806 340 2880 trimonium
368 2808 480 2881 sanari
506 2808 623 2881 dicunt
642 2808 696 2881 vel
710 2808 754 2882 ob
771 2807 953 2908 quamdam
970 2807 1133 2905 fictionem
1159 2807 1256 2890 iaris,

146 2946 214 3021 qua
239 2920 411 3019 legislator
436 2949 473 2995 se
501 2922 604 2996 ueluti
631 2924 730 2996 refert
755 2923 798 2996 ad
827 2922 910 2994 illud
936 2922 1067 2995 instans
1100 2946 1172 3021 quo
1195 2947 1262 2994 ma·

146 3037 338 3110 trimonium
365 3038 485 3111 initum
511 3054 563 3111 est
587 3065 647 3111 seu
677 3039 789 3138 potius
814 3037 943 3123 initur,
975 3063 1015 3110 ac
1040 3037 1261 3136 impedimen·

146 3170 215 3228 tum
242 3154 348 3242 tollit;
374 3171 432 3228 aut
458 3156 532 3229 sine
549 3155 633 3228 iuris
653 3155 805 3242 fictione,
827 3154 939 3252 potius
964 3169 1140 3227 cimento
1162 3154 1261 3252 legis·

146 3268 262 3344 latoris
283 3270 363 3343 dum
382 3270 490 3368 legem
507 3270 677 3356 condidit,
706 3286 806 3368 atque
826 3295 867 3342 ex
892 3285 1012 3341 natura
1030 3268 1142 3368 ipsius
1161 3268 1257 3368 legis,

146 3401 247 3485 atque
272 3387 357 3460 adeo
380 3415 419 3459 ex
444 3389 519 3489 ipso
545 3388 630 3459 iure.

218 3501 331 3574 Prima
356 3502 470 3601 itaque
492 3504 576 3576 ratio
593 3504 697 3576 huius
716 3503 763 3576 rei
781 3500 1001 3602 explicandae
1026 3516 1079 3574 est
1096 3501 1189 3577 fictio
1212 3503 1260 3575 iu·

146 3617 193 3689 ris
211 3621 274 3712 (6).
292 3618 461 3692 Romanus
480 3619 626 3719 pontifex
653 3647 690 3693 se
709 3620 807 3692 relert
824 3618 1071 3718 quodammodo
1089 3616 1133 3690 ad
1153 3634 1261 3692 actum

146 3732 338 3807 celebrandi
358 3733 527 3830 coniugii,
545 3734 889 3834 impedimentumque
902 3732 1006 3820 tollit,
1028 3748 1131 3833 atquc
1158 3734 1205 3808 ite
1218 3733 1262 3806 le-

147 3850 300 3946 gitimum
326 3850 497 3937 redditur,
528 3851 618 3949 quod
636 3850 669 3923 ui
689 3850 773 3948 legis
791 3849 1004 3948 illegitimum
1023 3849 1167 3938 luisset3
1190 3848 1262 3925 sul>

215 4028 249 4089 (o)
265 4029 303 4078 ct.
320 4030 460 4092 iiigantium
472 4033 613 4081 comerent.
627 4034 654 4081 in
666 4044 720 4094 reu.
736 4036 764 4082 L.
778 4032 894 4083 cancell.
913 4045 938 4080 n.
954 4037 1006 4082 too.
1021 4032 1056 4080 ite
1071 4029 1209 4081 arbitratur
1223 4041 1262 4079 an·

149 4105 352 4158 noatorsevreu
362 4111 387 4159 in
397 4124 438 4173 op.
450 4110 561 4173 inscript.
574 4112 612 4160 Dc
623 4109 708 4160 l’ubus
719 4111 762 4161 liv.
774 4115 805 4160 v.
818 4113 857 4162 cir.
870 4119 927 4162 6.ιι.
938 4119 961 4162 6.
971 4113 1022 4161 ιιοι.
1036 4116 1059 4160 7.
1069 4111 1121 4160 not.
1131 4112 1234 4161 mom.
1243 4110 1261 4158 Ι.

148 4198 203 4248 pag.
217 4189 272 4236 476.
286 4186 324 4236 ed.
340 4192 408 4239 17³6.
424 4190 467 4252 qui
484 4189 544 4240 haec
561 4190 635 4240 hinet
653 4189 684 4240 ‹le
698 4191 797 4241 ilctione
815 4192 888 4241 iuris:
908 4190 995 4240 «fictio
1013 4191 1110 4240 inraso
1126 4190 1186 4241 licto
1200 4189 1260 4240 iden

147 4268 262 4328 operetur
277 4279 308 4316 ac
323 4268 415 4319 ueritas
429 4269 453 4318 in
471 4283 542 4320 reru:
562 4270 629 4321 lictio
644 4271 709 4321 enim
730 4274 767 4322 est
780 4271 840 4335 legis
858 4272 977 4321 adamus
989 4272 1116 4322 renotem
1130 4271 1157 4322 in
1172 4284 1199 4322 rc
1213 4282 1263 4335 pov

146 4345 212 4396 sibili
225 4360 254 4397 cx
267 4346 332 4397 iusta
347 4360 421 4399 ause
443 4349 579 4412 dispositio.
588 4369 600 4393 ιι
