2804 5062
148 364 217 443 nrt
396 387 458 439 nn.
479 386 515 438 rr.
536 384 624 437 secr.
645 385 669 437 r.
689 386 730 436 nu
748 379 876 437 rorem.
898 383 1027 437 emme.

146 526 298 608 tempore
327 503 469 593 missis,
506 501 560 578 vel
593 503 628 576 in
657 500 726 578 illis
752 501 940 592 admissis,
979 501 1203 578 comedimus
1223 500 1262 578 lu·

146 623 305 699 cultatem
326 617 549 722 dispensandi
570 645 648 693 cum
668 617 942 720 quibuscumque
967 619 1152 721 utriusque
1172 646 1263 696 sexus

145 735 425 816 christifidelibus
456 728 577 810 incolis
606 732 773 809 dictarum
799 735 999 833 regionum,
1028 750 1065 808 et
1090 735 1205 810 serius
1228 735 1265 810 ad

147 853 249 929 fidem
282 847 481 938 conversis,
513 849 572 951 qui
604 864 682 924 ante
709 848 917 951 baptismum
949 850 1171 925 matrimonia
1196 877 1267 928 con·

146 983 335 1055 traxerunt,
362 964 416 1042 rel
442 990 560 1040 eorum
585 964 749 1067 quilibet,
781 966 883 1040 etiam
910 966 1096 1068 superstite
1129 969 1267 1067 coniuge

147 1080 300 1172 infideli,
320 1080 446 1156 eteius
464 1106 634 1156 consensu
652 1080 794 1155 minime
811 1081 997 1182 requisito,
1018 1108 1191 1184 responso
1207 1108 1265 1158 uon

146 1213 339 1300 expectato,
369 1193 622 1272 matrimonium
646 1217 724 1271 cum
750 1194 872 1298 quovis
897 1197 1016 1288 lideli,
1044 1198 1137 1274 alias
1162 1214 1265 1274 tamen

146 1314 209 1389 rite
234 1311 454 1400 contrahere,
473 1312 506 1387 ei
527 1312 563 1385 in
588 1313 639 1387 eis
666 1327 783 1413 postea
808 1311 938 1387 carnali
963 1313 1089 1416 copule
1113 1340 1265 1390 coneum-

144 1428 264 1517 matis,
292 1427 405 1529 quoad
429 1427 574 1502 vixerint
597 1452 771 1502 remanere
794 1426 888 1502 licite
905 1425 1061 1518 valeant,
1081 1429 1262 1506 dummodo

145 1556 274 1619 constet
287 1542 389 1617 etiam
403 1541 588 1616 summarie
600 1556 633 1616 et
644 1541 944 1618 extraiudioialiter
956 1543 1140 1642 coniugem
1155 1544 1264 1619 absen-

145 1673 212 1734 tem
229 1658 359 1733 moneri
377 1657 526 1756 legitime
543 1683 611 1732 non
627 1682 751 1759 posse,
772 1673 831 1732 aut
847 1658 1003 1733 maritum
1024 1644 1119 1734 iutra
1138 1675 1262 1762 tempus

144 1774 255 1851 eidem
272 1774 450 1849 monitioni
477 1774 665 1874 praefixum
688 1799 786 1849 suum
810 1762 1017 1849 voluntatem
1040 1801 1112 1850 uon
1140 1776 1263 1876 siguili

144 1916 253 1966 casse.
275 1890 371 1977 Quae
387 1888 525 1992 quidem
545 1890 771 1978 matrimonia,
797 1891 931 1966 etiamsi
951 1877 1262 1992 posteuinnotuerit

145 2007 308 2106 coniuges
327 2007 457 2107 priores
475 2004 632 2081 infideles
650 2030 748 2081 suam
763 2007 970 2082 voluntatem
984 2008 1075 2083 iuste
1087 2009 1260 2110 impeditos

143 2121 317 2198 declarare
329 2148 397 2197 non
412 2122 585 2224 potuisse,
601 2122 692 2196 etad
705 2122 808 2196 lidem
821 2122 924 2197 etiam
937 2138 1092 2226 tempore
1108 2124 1258 2200 transacti

144 2237 287 2314 secundi
304 2238 511 2313 matrimonii
528 2262 710 2313 conversos
729 2237 852 2327 luisse,
874 2238 1100 2315 nihilominus
1121 2238 1257 2316 rescindi

143 2379 328 2454 numquam
352 2352 495 2441 debere,
524 2353 586 2427 sed
610 2352 725 2427 valida
749 2369 783 2428 et
809 2354 907 2429 lirma
932 2381 1009 2431 esse
1025 2358 1147 2453 (36).»

216 2471 266 2543 Ex
295 2469 421 2572 quibus
447 2469 567 2544 litteris
592 2468 700 2576 aliqui
728 2470 913 2546 intulerunt
936 2472 1107 2547 eiusmodi
1134 2472 1255 2574 disper·

144 2586 309 2659 sationem
335 2611 396 2659 seu
421 2583 589 2658 indultum
616 2585 690 2658 lieri
716 2613 800 2660 rom.
819 2587 1014 2687 pontificum
1040 2589 1250 2673 auctoritate,

144 2725 253 2801 eoque
280 2700 473 2799 coniugium
496 2702 530 2774 in
557 2700 758 2776 infidelitate
782 2718 989 2778 contractum
1015 2704 1186 2793 dissolvi,
1212 2717 1254 2777 ast

144 2839 341 2916 perperam:
357 2831 394 2888 ut
418 2816 507 2888 enim
527 2817 764 2892 animadvertit
781 2819 982 2893 Benedictus
1002 2820 1088 2892 xlv.
1114 2821 1208 2895 hisce
1225 2818 1252 2888 in

143 2955 255 3004 rerum
280 2930 450 3005 adiunctis
477 2958 630 3007 summus
656 2933 805 3033 pontifex
831 2960 897 3008 non
924 2961 962 3009 se
986 2935 1094 3034 gerit,
1124 2937 1192 3010 nisi
1213 2931 1250 3007 uti

142 3045 249 3121 divini
280 3045 364 3120 iuris
397 3047 631 3148 interpretem,
666 3049 725 3149 qui
756 3050 906 3124 decernit
935 3051 970 3123 in
1002 3051 1083 3126 lidei
1119 3053 1249 3127 levorem

141 3163 249 3237 Deum
275 3163 442 3238 eiusmodi
470 3163 664 3262 coniugium
689 3165 876 3241 dissolvere
897 3170 985 3265 (37).

215 3280 302 3354 Huic
315 3281 518 3378 Gregorianc
529 3282 624 3356 Brevi
640 3283 756 3356 innixa
766 3284 918 3384 synodus
927 3285 1115 3359 vicariatus
1130 3283 1246 3359 sutchu

142 3395 235 3468 ensis
262 3396 379 3471 habita
405 3398 440 3469 in
465 3397 623 3471 districtu
649 3399 794 3472 civitatis
812 3401 923 3498 chng
941 3401 1031 3498 lling
1048 3402 1184 3475 Tcheou
1199 3399 1246 3470 im·

143 3509 229 3608 perii
261 3511 409 3585 cinensis
440 3539 496 3584 an.
528 3516 644 3602 1803,
679 3516 845 3617 cuiusque
871 3531 947 3590 actu
972 3516 1115 3618 probata
1141 3532 1244 3591 sunta

142 3651 212 3699 sao.
231 3651 388 3725 congreg.
406 3628 449 3702 de
467 3631 684 3730 propaganda
702 3631 789 3720 lide,
811 3632 895 3706 haec
912 3632 954 3705 ad
973 3632 1105 3733 praxim
1124 3632 1243 3706 adnota-

141 3742 205 3815 vit.
231 3744 424 3819 «Noverint
449 3745 673 3834 missionarii,
704 3747 829 3848 quibus
855 3774 1018 3821 concessa
1042 3765 1096 3821 est
1120 3745 1242 3820 facultas

142 3855 366 3957 dispensandi
398 3858 440 3932 ab
470 3860 760 3960 interpellatione,
790 3889 831 3936 ea
856 3890 923 3937 non
947 3864 995 3936 uti
1019 3864 1088 3936 nisi
1113 3862 1155 3935 ad
1183 3881 1242 3932 nor

141 3997 231 4045 mam
257 3974 371 4048 Brevis
397 3975 546 4073 Gregorii
564 3978 670 4064 lllll.;
688 3978 835 4067 scilicet,
864 3998 992 4054 utnon
1019 3980 1238 4080 dispensetur,

142 4087 208 4162 nisi
226 4091 364 4189 quando
383 4091 493 4166 lidelis
511 4094 688 4192 coniugem
711 4095 883 4169 infidelem
910 4096 1105 4187 absentem,
1126 4122 1168 4169 an
1184 4090 1242 4165 sint

148 4342 152 4355 Ι
213 4276 263 4340 (36)
279 4279 351 4340 Apud
362 4280 478 4331 Pontium
488 4281 528 4331 loc
547 4280 681 4332 eltuto.

214 4357 265 4420 (³7)
277 4359 317 4410 ct.
329 4361 367 4413 De
376 4358 474 4424 woodo
487 4359 535 4412 loe.
543 4361 585 4413 alt.
598 4374 624 4413 n.
636 4369 651 4414 e
662 4374 731 4427 seqq.
