2804 5062
321 397 391 446 cnr.
412 397 437 447 1.
458 395 533 448 osu.
553 397 624 449 rum
641 397 767 450 rorrsr.
790 398 915 452 accurs
937 402 1016 453 aar..
1032 403 1055 452 1.
1232 386 1253 455 't

151 514 292 588 ecclesia
314 515 386 589 siue
410 513 583 589 declarare
608 517 683 591 aire
706 518 908 593 constituere
939 534 1074 619 potest,
1100 547 1187 623 quae
1211 526 1254 599 ad

136 629 328 728 iegitimam
350 628 532 703 eorundem
549 628 874 706 administrationem
892 634 1079 734 pertinent,
1100 662 1256 738 quaeque

149 745 188 819 ad
207 743 437 844 augustiorem
463 742 603 819 formam
629 747 780 821 conferre
800 764 954 848 possunt.
981 751 1069 824 Hinc
1090 751 1258 828 ecclesiae

146 877 190 937 est
215 861 305 934 ritus
331 858 556 936 determinare
580 887 619 937 ac
643 863 869 952 ceremonias,
885 890 973 964 quae
986 866 1021 939 in
1034 866 1168 941 illorum
1186 868 1256 942 ool·

145 975 266 1051 latione
290 975 419 1051 servari
441 974 583 1063 debent;
603 976 745 1051 definire
765 978 844 1052 item
866 995 1017 1080 tempus,
1038 981 1168 1071 locum,
1188 1009 1257 1058 mo

145 1089 247 1178 dum,
275 1115 462 1190 personas,
495 1089 703 1166 conditiones
729 1117 817 1191 quae
841 1119 861 1166 e
888 1119 923 1166 re
953 1121 1031 1169 ease
1053 1096 1254 1171 iudicaverit

146 1205 186 1280 ad
201 1205 344 1303 diguam
362 1204 683 1306 convenientemque
694 1233 809 1281 eorum
823 1208 1088 1308 susceptionem
1109 1238 1171 1285 neo
1185 1239 1255 1287 non

146 1320 305 1395 iudicium
332 1321 440 1408 ferre,
462 1346 539 1395 cum
563 1321 712 1396 oboritur
735 1323 893 1410 dubium,
914 1341 973 1399 aut
989 1326 1144 1426 quaestio
1164 1328 1255 1402 circa

146 1436 338 1521 materiam,
365 1435 527 1522 sormam,
556 1435 770 1524 ministrum,
798 1437 1039 1536 dispositiones
1064 1441 1254 1538 suscipien-

146 1550 244 1637 tium,
266 1577 309 1624 ac
325 1564 436 1624 cetera
456 1550 663 1625 huiusmodi.
685 1551 768 1624 Cum
789 1551 949 1649 igiturex
967 1555 1135 1652 praeiacto
1159 1557 1253 1656 priu-

147 1665 229 1765 cipio
253 1665 376 1741 οεάεηι
401 1665 446 1739 sit
472 1665 557 1740 ratio
583 1666 784 1741 sacramenti
813 1668 1016 1742 matrimonii
1042 1696 1082 1743 ac
1107 1669 1254 1770 reliquo-

148 1807 213 1854 rum
240 1794 554 1868 sacramentorum,
581 1781 653 1854 iure
678 1781 864 1880 meritoque
895 1782 1071 1856 inferimus
1094 1799 1128 1882 et
1151 1784 1253 1857 huius

148 1897 267 1994 pariter
290 1895 492 1970 sacramenti
517 1896 779 1970 moderationem
799 1895 843 1968 ad
868 1895 1045 1970 ecclesiam
1071 1897 1249 1997 pertinere.

215 2013 332 2110 Neque
351 2010 449 2086 obest
467 2011 643 2086 christiani
664 2010 825 2085 connubii
846 2010 1065 2086 administros
1081 2037 1254 2086 essecou·

149 2125 311 2201 tmbentm
337 2128 451 2228 ipsos,
479 2153 545 2201 non
570 2142 682 2200 autern
708 2125 921 2213 sacerdotes,
950 2153 1049 2201 secus
1067 2154 1106 2202 ac
1122 2128 1158 2200 in
1175 2127 1254 2202 aliis

146 2239 263 2314 accidit
282 2241 523 2328 sacramentis3
545 2239 713 2341 siquidem
731 2240 766 2312 id
784 2266 851 2314 non
868 2240 973 2314 officit
989 2242 1171 2341 quominus
1188 2241 1254 2317 boc

145 2353 240 2426 mam
274 2370 522 2427 sacramentum
551 2353 706 2452 regimini
734 2353 842 2428 subsit
866 2352 1039 2427 ecclesiae.
1069 2356 1137 2427 Nec
1161 2355 1253 2428 enim

148 2483 287 2566 possunt
312 2467 430 2542 fideles
457 2468 522 2552 sibi
552 2469 696 2542 invicem
722 2468 786 2541 boc
811 2483 1057 2542 sacramentum
1081 2470 1259 2555 conferre,

146 2583 205 2657 nisi
223 2584 290 2657 sub
309 2583 471 2658 ccclesiae
493 2584 704 2671 auctoritate,
724 2585 822 2658 cuius
838 2600 891 2658 est
906 2609 965 2658 eos
982 2584 1026 2657 ad
1044 2585 1249 2684 coniugium,

146 2714 239 2795 prout
262 2712 317 2770 est
341 2713 607 2785 sacramentum,
635 2697 828 2785 admittere,
849 2723 889 2772 ac
906 2698 1082 2798 providere
1106 2715 1144 2772 ut
1168 2698 1251 2771 illud

144 2827 312 2913 tamquam
336 2810 535 2897 christiani,
565 2810 726 2885 ecclesiae
746 2811 872 2884 subditi
893 2838 934 2885 ac
952 2811 1014 2885 filii
1035 2812 1127 2886 iuxta
1146 2827 1253 2887 statu·

144 2942 193 3001 tas
216 2926 312 3022 leges
337 2942 371 2998 et
396 2925 585 3025 suscipiant
607 2943 641 2999 et
665 2925 914 2999 administrent.

211 3043 331 3140 ltaque
351 3040 454 3114 semel
480 3067 522 3115 ac
545 3041 763 3114 constitutum
789 3056 840 3115 est
866 3042 957 3115 iuxta
982 3058 1175 3142 perpetuam
1194 3067 1249 3116 ec-

144 3154 263 3230 clesiae
288 3156 417 3243 iidem,
448 3155 709 3230 christianorum
730 3155 924 3254 coniugium
949 3182 1027 3229 vere
1051 3181 1091 3228 ac
1115 3154 1251 3256 proprie

145 3287 388 3346 sacamentum
412 3296 489 3344 esse
511 3297 532 3344 a
556 3270 690 3344 Christo
707 3271 849 3344 Domino
874 3269 1081 3356 institutum,
1110 3295 1150 3344 eo
1175 3269 1251 3369 ipso

142 3389 377 3487 consequitur,
406 3402 603 3487 potestatem
622 3387 658 3458 in
675 3384 926 3466 matrimonium
943 3384 987 3457 ad
1005 3383 1183 3459 ecclesiam
1201 3385 1251 3459 di·

143 3499 216 3575 vino
239 3501 316 3574 iure
342 3500 518 3598 pertinere.
547 3499 644 3586 Quod
669 3498 756 3572 uidit
779 3497 879 3571 etiam
904 3496 1085 3586 Calvinus,
1112 3500 1173 3601 qui
1198 3525 1253 3575 ve·

144 3640 263 3690 uenum
297 3641 397 3687 suum
430 3640 586 3687 evomens
616 3614 778 3686 adversus
808 3612 1007 3687 catholicam
1042 3614 1246 3701 ecclesiam,

143 3730 392 3804 matrimonium
427 3729 510 3803 dixit
534 3730 577 3803 ab
605 3728 744 3803 ecclesia
775 3728 810 3800 iu
835 3746 1118 3802 sacramentorum
1138 3728 1253 3801 album

144 3844 532 3931 abominamenta
551 3844 625 3945 ipso
643 3844 678 3916 in
696 3843 780 3916 illud
799 3869 894 3916 suam
913 3843 1125 3942 protenderet
1141 3857 1253 3917 aucto

144 3957 284 4032 ritatem.
301 3958 435 4032 «Dicas
462 3957 545 4029 nihil
574 3958 665 4029 aliud
694 3957 767 4052 (sic
788 3956 843 4029 ille
856 3962 884 4051 ),
900 3982 1002 4056 quam
1030 3957 1253 4031 abominatio-

144 4100 221 4146 uum
246 4073 408 4146 latebram
429 4071 617 4173 quaesiisse
638 4071 893 4172 (pontificios),
914 4070 1251 4146 dumematrimonio

144 4202 386 4263 sacramentum
405 4187 565 4262 iecerunt.
587 4185 650 4259 Ubi
672 4188 761 4260 enim
781 4186 815 4258 id
838 4185 941 4258 semel
961 4185 1152 4274 obtinuere,
1172 4207 1252 4260 con-

144 4302 304 4402 iugalium
330 4329 506 4378 causarum
528 4301 751 4398 cognitionem
777 4301 819 4374 ad
846 4326 884 4374 se
910 4316 1096 4376 traxerunt:
1124 4301 1252 4406 quippe
