2804 5062
142 345 1095 405 11111.1111111.11111111.111.1111111111111111111.
1136 325 1205 404 att

167 475 201 544 8.
231 471 271 543 ln
297 471 445 545 Moravia
461 474 551 569 (81).

162 589 225 661 18.
254 589 294 661 ln
307 587 481 687 Hungaria
497 589 696 676 universim,
707 588 738 662 si
752 586 931 662 nonnullas
944 588 1095 688 excipias
1111 614 1209 690 pecu·

125 729 194 779 ares
215 703 390 800 regiones,
411 719 449 778 ut
465 703 571 805 aliqui
590 704 794 778 contendunt
810 704 900 800 (82).

162 820 225 890 11.
257 818 295 889 ln
313 818 481 894 Moldavia
504 818 713 919 publicatum
739 832 868 891 tantum
890 818 976 890 inter
1000 817 1205 910 catholicos,

125 932 248 1036 leoque
266 960 333 1008 non
351 925 387 1006 in
405 934 559 1009 ecclesiis
578 933 867 1009 schismaticorum
890 960 1034 1034 quorum
1054 934 1113 1009 illa
1131 963 1211 1037 pro-

125 1050 207 1124 ncia
224 1050 348 1124 referta
364 1065 416 1124 est
431 1053 522 1147 (83).

162 1167 226 1237 12.
259 1166 298 1236 ln
322 1161 506 1254 valachia,
535 1158 677 1265 perinde
701 1191 740 1240 ac
762 1165 959 1240 dictumest
983 1167 1026 1241 de
1043 1167 1210 1242 Moldavia

125 1277 302 1353 rblicetum
320 1280 424 1353 estin
442 1278 594 1354 ecclesiis
613 1295 741 1354 tantum
760 1279 1001 1356 catholicorum
1029 1272 1120 1378 (81),
1150 1308 1212 1357 nec

125 1410 238 1471 rtasse
256 1395 292 1467 in
309 1395 484 1482 omnibus3
507 1404 546 1470 ut
563 1394 688 1496 patebit
705 1421 746 1468 ex
764 1395 806 1468 iis
827 1387 933 1485 locis,
952 1395 1138 1496 dequibus
1160 1397 1214 1470 di·

125 1535 209 1583 rmus
231 1509 345 1583 adhuc
367 1508 513 1583 dubitari
538 1525 649 1583 utrum
676 1507 809 1583 concilii
835 1509 1007 1583 decretum
1031 1511 1132 1585 suerit
1149 1539 1212 1610 pu·

127 1625 269 1701 icatum
285 1626 428 1699 Demum
441 1625 526 1699 ratio
539 1626 639 1699 ctiam
653 1624 768 1697 heberi
786 1624 887 1698 debet
904 1624 1109 1701 diversitatis
1126 1641 1214 1759 tem

125 1766 232 1830 trum,
255 1757 294 1814 ut
313 1742 426 1815 omnia
446 1740 532 1814 haec
552 1741 704 1841 apprime
721 1740 955 1814 concilientur.

164 1858 227 1929 13
258 1855 406 1943 Ulmiae,
428 1879 516 1955 quae
534 1881 625 1929 nunc
643 1871 695 1929 est
712 1854 776 1929 sub
793 1848 921 1930 ditione
939 1855 1028 1952 regis
1050 1855 1212 1931 Wurtem·

125 1971 271 2071 argensis
288 1973 376 2067 (88).
707 1959 708 1962 “

164 2087 227 2159 11.
257 2086 297 2157 ln
323 2085 431 2161 tribus
455 2084 691 2161 electoratibus
711 2085 922 2174 Coloniensi,
938 2086 1153 2184 Mogontino,
1170 2113 1210 2162 ae

164 2473 219 2538 (st)
236 2464 364 2539 Siquidem
381 2473 407 2524 in
423 2467 571 2538 Autrongr.
583 2487 604 2525 s.
614 2467 658 2524 oli.
673 2464 777 2524 1111111
796 2478 864 2524 leat.
877 2471 975 2536 legitur:
989 2473 1136 2525 «lieterente
1144 2475 1213 2526 11111

125 2551 177 2609 ada
185 2551 380 2619 publicationem
389 2551 481 2603 decreti
491 2552 589 2603 concilii
601 2552 658 2603 trid.
671 2552 703 2602 de
714 2554 787 2603 metr.
798 2553 888 2602 tactam
898 2564 914 2602 a
923 2552 991 2602 card.
1004 2551 1177 2604 Dictrishstein
1187 2553 1213 2605 iu

125 2633 224 2696 nris,
239 2646 260 2685 1.
273 2632 427 2696 congregatio
440 2631 511 2684 lussit
520 2630 585 2683 tradi
599 2645 621 2684 s.
629 2644 712 2694 congr.
720 2631 818 2682 concilii
829 2634 857 2682 ut
868 2630 933 2696 apud
944 2644 998 2682 earn
1007 2633 1191 2683 consenetur.»

164 2711 219 2778 (81)
236 2713 307 2764 Patet
317 2726 348 2763 er
356 2713 472 2764 instruct.
483 2711 541 2763 daia
552 2704 594 2762 die
605 2719 643 2763 to.
652 2710 729 2776 April.
745 2710 854 2763 1111111
864 2724 914 2776 qua
925 2711 999 2776 paulo
1010 2712 1074 2776 post.

163 2793 218 2858 (iit)
234 2795 264 2844 lu
280 2791 368 2844 iisdem
385 2793 453 2845 Actis
471 2791 539 2844 deur.
557 2797 626 2844 1771.
646 2798 683 2844 te.
699 2792 746 2842 lul,
756 2790 800 2842 uhi
813 2791 998 2844 matrimonium
1013 2791 1120 2843 mittum
1132 2805 1216 2844 coram

125 2871 209 2925 abiro
225 2870 383 2924 achhmatim
403 2869 514 2922 validum
528 2873 568 2922 ast
580 2869 740 2921 declaratum.

167 2950 220 3016 (11)
236 2951 333 3004 Etenim
341 2962 425 3016 congr.
435 2965 456 3003 1.
464 2950 508 3002 oli.
517 2950 653 3002 declaravit
663 2949 771 3002 validum
784 2950 926 3016 coniugium
936 2951 1026 3003 initum
1037 2951 1102 3003 inter
1113 2951 1217 3002 catholi-

125 3045 152 3085 Ι
164 3035 192 3084 et
205 3031 369 3085 acatholicum
384 3044 468 3083 coram
484 3031 597 3083 ministro
612 3032 756 3096 lutherau03
768 3032 839 3082 cuius
850 3033 1014 3097 responsionis
1029 3031 1216 3083 tundamentum

125 3113 156 3178 ll,
166 3112 231 3178 quis
240 3111 367 3165 decretum
382 3112 441 3163 trld.
451 3110 606 3176 publicatum
615 3112 653 3163 est
662 3113 687 3162 ln
696 3113 811 3164 ecclesiis
827 3113 964 3164 catholicis
975 3112 1000 3161 iu
1012 3111 1106 3163 ditione
1121 3111 1216 3162 turcica

125 3193 274 3257 mcum,
297 3203 433 3259 numquam
450 3206 509 3244 vero
528 3193 554 3243 in
569 3191 678 3245 eccloeiis
696 3192 858 3244 schismaticis
881 3195 925 3244 aut
942 3188 1079 3244 haereticis.
1095 3192 1218 3250 Quocirca

125 3273 255 3329 &monta
265 3273 388 3326 catholica
398 3276 457 3325 sunt
464 3273 545 3337 uulla;
557 3272 640 3324 valida
648 3274 730 3324 autern
740 3273 803 3323 inter
811 3272 947 3323 haereticos
953 3272 1016 3322 iuter
1023 3285 1063 3335 se,
1075 3271 1118 3322 aut
1126 3271 1217 3335 mista3

125 3349 193 3408 but
205 3354 308 3420 quidem
318 3353 350 3404 de
360 3351 498 3419 iloldaria3
512 3353 580 3418 quod
591 3367 648 3405 vero
657 3354 783 3418 speciatim
793 3353 880 3404 attinet
889 3351 920 3403 ad
931 3351 1089 3416 valachiam,
1100 3351 1161 3402 haee
1171 3351 1216 3401 ha·

125 3436 166 3488 br
176 3433 296 3487 resolutio
306 3433 417 3486 eiusdem
426 3446 538 3498 conmeg.
547 3448 567 3486 s.
579 3435 623 3485 oli.
634 3433 846 3486 11111111.Μώ
860 3431 1061 3491 170110111111
1081 3430 1218 3483 catholicus

125 3513 180 3580 pot
197 3512 298 3564 mulieri
317 3514 442 3565 Valachae
453 3514 547 3565 alienae
558 3513 614 3564 1111
628 3526 711 3565 coram
726 3506 835 3576 quodam
850 3512 1006 3564 schismatico
1023 3513 1132 3577 pastore:
1145 3514 1218 3562 Nunc

125 3592 154 3647 ai
168 3591 298 3657 poeniteus
310 3591 343 3642 ad
357 3591 419 3643 alias
434 3593 533 3656 nuptias
543 3606 600 3644 cum
610 3592 712 3643 muliere
723 3590 843 3642 catholica
854 3590 985 3642 convolare
996 3589 1127 3642 desiderat.
1139 3592 1217 3648 Quae·

125 3687 175 3727 ur:
188 3671 257 3732 Quid
271 3672 409 3736 agendum?
417 3674 480 3724 Nam
487 3673 535 3723 hoc
544 3673 671 3736 denegato,
679 3672 816 3737 periculum
823 3671 924 3722 evidens
931 3673 968 3722 est
975 3671 1138 3736 perversioris
1144 3670 1217 3736 quin·

125 3767 143 3807 a
158 3752 302 3805 animarum
322 3745 452 3804 inditione
467 3754 567 3804 turcico.
578 3778 586 3792 ·
596 3753 713 3804 sanctiss.
724 3751 816 3803 audihs
826 3753 873 3802 eto.
884 3749 948 3802 dixit
964 3750 1148 3802 matrimonium
1163 3762 1217 3801 esse

125 3832 224 3895 mum,
244 3834 367 3897 quatenus
386 3833 523 3885 catholicus
534 3833 565 3885 de
582 3849 632 3899 quo
651 3835 677 3884 iu
699 3847 771 3897 casu,
789 3829 853 3884 illud
868 3833 1017 3884 contraxerit
1036 3845 1094 3882 cum
1113 3826 1217 3881 muliere

125 3914 238 3981 puae,
250 3917 275 3964 et
285 3913 420 3965 dummodo
432 3914 467 3966 eis
477 3915 546 3966 aliud
558 3929 608 3965 non
617 3915 698 3965 obstet
713 3914 857 3966 canonicum
872 3909 1084 3977 impedimentum,
1095 3912 1217 3975 quatenus

125 4008 155 4048 ro
164 3993 356 4046 matrimonium
367 3995 516 4045 contraxerit
525 4008 581 4044 eum
593 4008 643 4044 non
656 3994 790 4059 baptizata,
802 4003 855 4045 esse
865 3993 969 4043 nulium.
980 3991 1017 4044 11
1028 3999 1051 4043 1.
1060 3995 1132 4056 liesp.
1140 3993 1216 4055 liega-

125 4088 156 4128 ιο.
177 4072 273 4126 moun
293 4088 368 4138 porro
389 4074 464 4126 huius
484 4075 641 4126 resolutionis
657 4078 694 4125 est
709 4073 875 4125 ratio-vide
887 4075 968 4124 tamen
982 4073 1047 4123 inira
1060 4067 1102 4123 ubl
1114 4071 1215 4122 delocia

171 4233 223 4299 (85)
240 4235 344 4287 condat
353 4249 383 4286 ex
395 4234 493 4287 decreto
505 4233 572 4299 quod
584 4234 696 4299 superius
706 4234 833 4288 attulimus
841 4234 873 4287 de
882 4232 995 4286 nrallitate
1004 4231 1216 4286 maumonitstua

125 4312 201 4366 uoehi
212 4315 351 4379 praesentia
364 4313 399 4366 ihi
410 4312 531 4367 cdehrmo
541 4329 581 4366 an.
591 4319 659 4367 titt.

178 4397 228 4468 ιιΙ
1117 4407 1150 4464 rr
