2804 5062
133 411 194 462 car,
207 411 254 462 m.
265 411 306 461 os
320 408 408 461 acca.
423 410 491 460 ror.
502 409 582 460 orsa.
597 409 629 460 m
643 409 710 462 rur.
723 411 816 461 uara.
831 412 895 461 mn.
908 409 980 463 aar.
994 412 1039 463 rs.
1094 389 1163 464 tlt

77 549 141 606 ecta
154 534 226 607 sive
239 533 273 604 in
286 531 378 604 linea
391 529 575 605 collaterali
589 531 701 605 varios
714 530 859 629 gradus,
876 531 995 605 saltem
1010 551 1166 634 respectu

68 647 374 746 consanguineitatis
401 672 441 720 ex
466 672 534 745 qua
559 647 787 745 progignitur,
816 646 942 721 habere
966 663 1088 748 potest.

123 763 327 836 Affinitatem
351 787 469 863 parere
494 762 770 861 impedimentum
787 779 821 836 et
838 763 975 862 quidem
1002 764 1166 840 dirimens

61 879 319 967 matrimonium,
339 904 438 951 nemo
463 893 516 952 est
540 879 600 977 qui
625 878 766 952 dubitet.
783 877 978 979 Antiquitas
996 897 1167 980 receptum

59 1013 139 1082 erat,
158 1012 197 1070 ut
211 995 313 1092 longe
334 993 448 1094 plures
472 994 599 1093 gradus
626 993 829 1092 impedirent
852 996 1045 1092 coniugium
1064 1011 1166 1096 atque

56 1109 266 1197 dirimerent,
291 1134 379 1184 novo
397 1126 508 1183 autem
530 1109 602 1181 iure
623 1109 771 1182 affinitas
789 1124 861 1182 orta
877 1137 918 1183 ex
935 1110 1055 1211 copula
1073 1110 1168 1186 licita

58 1225 181 1299 dirimit
202 1251 310 1325 usque
334 1226 378 1298 ad
403 1241 558 1326 quartum
585 1225 745 1322 gradum,
772 1243 845 1298 orta
868 1252 947 1300 vero
973 1252 1014 1300 ex
1043 1227 1165 1327 copula

58 1339 167 1414 illicita
187 1339 338 1414 cohibita
359 1353 411 1413 est
434 1367 544 1440 usque
565 1340 608 1412 ad
629 1340 814 1413 secundum
836 1340 991 1438 gradum.

117 1456 180 1528 His
203 1454 403 1555 praelibatis
430 1455 473 1529 ad
499 1482 568 1529 rem
595 1472 743 1529 nostram
761 1472 795 1529 et
812 1456 855 1528 ad
874 1456 976 1529 finem
994 1481 1094 1557 quem
1113 1455 1166 1529 in·

59 1570 236 1656 audimus,
266 1569 423 1669 quaestio
448 1568 534 1642 iuter
567 1586 719 1644 auctores
753 1571 825 1644 sive
855 1570 1058 1668 theologos,
1092 1572 1165 1646 sive

60 1682 127 1758 iuris
152 1681 314 1757 canonici
334 1683 535 1782 interpretes
556 1682 744 1783 disceptata
769 1684 888 1781 attingi
910 1686 1011 1758 etiam
1030 1684 1087 1758 hio
1104 1684 1164 1759 de·

58 1795 124 1886 lat3-
147 1797 313 1870 nimirum
336 1812 448 1870 utrum
474 1798 641 1872 eiusmodi
676 1798 952 1898 impedimentum
983 1813 1165 1871 enascatur

56 1940 86 1986 er
100 1915 173 1987 iure
188 1929 355 2000 naturae,
376 1939 420 1987 an
436 1939 515 1988 vero
527 1940 568 1986 ex
582 1914 655 1987 iure
672 1929 802 1987 tantum
819 1911 1059 1987 ecclesiastico.
1077 1915 1162 1990 Nam
1262 1996 1277 2010 V,

56 2029 80 2101 si
97 2031 204 2103 aiure
220 2027 369 2102 naturali
387 2030 501 2103 stricte
526 2046 660 2129 sumpto
685 2044 915 2117 enumeretur,
944 2029 1037 2102 iuxta
1055 2029 1160 2116 diota,

55 2171 115 2218 oon
143 2161 259 2246 posset
284 2143 452 2234 ecclesia,
481 2163 538 2220 aut
562 2172 646 2219 rom.
669 2145 816 2244 pontifex
841 2144 911 2218 ullo
939 2144 974 2215 in
1001 2169 1083 2219 casu
1110 2170 1162 2218 re·

54 2259 175 2350 laxare,
198 2276 319 2335 contra
343 2287 422 2336 vero
447 2261 510 2334 rite
532 2261 567 2333 id
584 2277 720 2360 posset,
749 2260 779 2332 si
805 2286 846 2333 ex
872 2259 945 2332 iure
970 2258 1080 2333 solum
1106 2284 1162 2333 eo-

55 2375 235 2452 desiastioo
260 2401 303 2449 ac
327 2376 470 2475 positivo
496 2392 720 2477 promanaret.

115 2496 221 2569 Porro
246 2519 315 2567 non
329 2494 461 2596 pauci,
489 2494 581 2592 iique
606 2493 798 2590 gravissimi
825 2506 977 2566 auctores
993 2491 1075 2566 olim
1094 2491 1164 2593 opi·

58 2610 115 2682 nati
128 2625 211 2683 sunt
225 2608 387 2681 maiorem
405 2607 581 2681 affinitatis
599 2607 760 2704 gradum,
777 2634 837 2680 seu
856 2606 997 2705 gradum
1016 2607 1163 2706 primum

57 2726 83 2796 in
97 2724 187 2799 linea
205 2739 300 2797 recta
316 2724 363 2796 ita
380 2723 445 2796 iuri
466 2738 604 2796 naturae
622 2723 793 2796 adversari
812 2722 856 2795 ab
872 2748 980 2823 eoque
998 2722 1043 2795 ita
1060 2723 1164 2796 iuter·

57 2840 112 2914 dici
135 2839 355 2937 coniugium,
382 2855 420 2911 ut
444 2866 528 2912 rom.
556 2839 704 2938 pontilex
730 2838 773 2911 ab
799 2838 856 2912 illo
881 2838 1081 2939 dispensare
1106 2863 1161 2911 ne-

57 2953 657 3052 quat(1t·1).1nnitcbanturautem
676 2953 890 3052 potissimum
908 2952 1037 3052 duplici
1062 2977 1163 3050 argu·

57 3087 187 3159 mento,
216 3068 323 3146 altero
356 3067 456 3142 ducto
478 3095 519 3141 ex
547 3069 757 3155 indecentia,
787 3095 846 3142 seu
873 3067 1005 3140 delectu
1030 3065 1165 3140 debitae

58 3188 202 3285 sanguini
239 3185 473 3272 reverentiae3
510 3184 614 3259 altero
642 3211 722 3258 vcro
751 3210 791 3256 ex
822 3181 1053 3282 aequalitate,
1095 3180 1163 3253 imo

56 3318 83 3374 et
101 3304 332 3403 asperioritote
357 3300 561 3400 quandoque
595 3301 718 3373 iurium
744 3325 823 3396 erga
849 3297 925 3371 illos
952 3295 1077 3396 quibus
1103 3320 1164 3368 na-

58 3434 142 3494 turae
157 3419 233 3492 iure
253 3417 397 3491 subesse
417 3416 586 3489 deberent.
617 3415 711 3501 Quae
736 3439 798 3486 nos
823 3411 925 3512 paulo
949 3426 1027 3484 ante
1051 3404 1165 3509 attigi-

58 3561 123 3609 mus
147 3562 228 3610 oum
249 3561 280 3608 s.
297 3533 425 3606 Thoma
446 3531 652 3607 disserentes
669 3531 713 3602 de
731 3528 989 3628 impedimento,
1014 3527 1103 3627 quod
1122 3552 1162 3599 ex

58 3652 158 3750 primo
180 3648 506 3747 consanguineitatis
532 3647 639 3746 gradu
665 3647 827 3719 dimanat.

118 3905 186 3967 (1⁰7)
202 3905 270 3955 lala
287 3905 381 3954 ceteros
392 3916 412 3953 s.
424 3903 561 3954 Automnus
572 3908 595 3953 t.
607 3915 632 3966 p.
646 3901 684 3952 tit.
696 3903 717 3950 1.
729 3912 784 3962 cap.
796 3901 827 3949 11.
840 3896 863 3962 §.
878 3903 899 3948 t.
911 3896 971 3947 solo
981 3894 1007 3943 in
1018 3897 1041 3942 t.
1052 3891 1161 3943 senmt.

55 3981 104 4033 dist
116 3989 156 4035 tt.
168 3985 265 4048 quaest.
277 3983 344 4033 uolo.
362 3984 409 4033 art.
425 3991 449 4033 s.
462 3982 627 4033 covarruvias
637 3995 662 4044 p.
676 3987 698 4031 2.
712 3982 748 4030 De
761 3976 904 4042 sponsaltb.
916 3988 970 4038 cap.
983 3971 1039 4037 e.§.
1051 3978 1088 4023 tc.
1099 3985 1124 4021 n.
1137 3977 1161 4022 ².

54 4062 210 4115 helmuinus
218 4063 263 4115 lib.
274 4063 341 4113 unic.
353 4066 390 4113 De
400 4063 697 4120 motrtm.o.xxv111.,n.
707 4059 898 4111 scotomatica
909 4058 954 4106 lat
964 4066 1059 4105 conon.
1067 4051 1110 4103 llb.
1118 4053 1162 4103 111.

54 4154 100 4208 tta.
110 4149 150 4198 2⁴.
162 4157 187 4195 ι.
201 4151 241 4196 28.
253 4143 358 4194 lovanio
375 4145 411 4193 De
421 4145 538 4193 mctrtm.
550 4141 610 4191 diss.
622 4143 677 4191 xll.
690 4154 712 4190 o.
731 4146 768 4191 to.
780 4137 859 4188 ooncl.
874 4144 896 4188 t.
908 4134 1009 4198 Plrhlng
1022 4133 1049 4184 in
1061 4135 1162 4185 Dctrst.

53 4223 272 4289 &maluit
281 4224 306 4274 el
316 4221 404 4273 allinit.
414 4236 440 4272 n.
450 4229 489 4273 tt.
500 4220 658 4272 ncillamtuel
670 4221 696 4269 ln
709 4221 809 4270 Decret.
823 4216 866 4267 ΙΙΙ).
875 4219 918 4266 lv.
929 4216 969 4266 tit.
982 4218 1019 4265 tt.
1031 4227 1056 4263 n.
1066 4217 1105 4265 ta.
1117 4214 1163 4263 lta·

52 4302 216 4357 laldluerd.
231 4303 320 4357 mol.
332 4303 449 4367 duom
463 4305 499 4353 Dc
508 4314 577 4353 soor.
590 4302 762 4352 motrtmart.
775 4305 799 4350 a.
812 4311 861 4362 reg.
875 4303 895 4348 t.
911 4297 1000 4348 Portu
1011 4294 1037 4344 in
1047 4294 1161 4347 octor.

49 4395 154 4437 tm
169 4387 314 4438 must.
330 4387 392 4436 tom.
400 4386 420 4434 1.
429 4381 499 4435 νεώ.
513 4383 663 4447 Dtspcmot.
678 4393 728 4458 cas.
740 4387 764 4432 a.

135 4491 162 4546 11
1082 4480 1114 4534 to
