2804 5062
163 380 1116 434 cur.unnsnarn.surianussinunvsnrnrsnrrnu.
1165 363 1234 436 att

125 523 236 574 tersus
259 524 365 574 novas
386 486 523 600 nuptias
546 499 636 576 ineat
655 500 763 598 prima
784 525 867 573 uxor
885 499 928 572 ad
947 499 1048 573 fidem
1065 518 1238 578 converta-

125 640 189 703 ur,
225 615 300 714 ipse
326 631 478 689 teneatur
501 615 595 689 illam
616 641 692 689 cum
715 642 784 715 qua
808 617 999 714 coniugium
1026 615 1062 688 in
1089 616 1237 692 infideli-

125 746 182 804 ate
211 746 425 804 contraxerat
451 730 612 816 retinere,
646 729 727 829 qnia
752 729 865 804 adhuc
891 745 1102 829 perseverat,
1138 748 1238 831 prout

125 871 280 945 expresse
303 844 487 919 declaravit
514 845 730 920 Innocentius
751 846 810 917 lll.
828 846 863 917 in
884 871 959 944 cap.
979 844 1163 919 Gondemus
1184 847 1238 920 in-

125 960 260 1062 puiens:
281 959 410 1046 «Quod
428 961 459 1035 si
477 985 677 1035 conversum
700 960 744 1033 ad
762 960 863 1034 fidem
880 977 913 1036 et
929 960 988 1034 illa
1008 987 1170 1037 conversa
1187 989 1238 1038 se·

125 1093 245 1177 {natur
266 1091 447 1178 antequam
466 1102 527 1176 per
545 1103 668 1151 causas
689 1077 878 1177 praedictas
899 1076 1083 1176 legitimam
1100 1077 1158 1153 ille
1174 1079 1237 1154 du·

125 1208 170 1267 tet
190 1218 348 1279 uxorem,
374 1217 449 1265 eam
470 1193 619 1293 recipere
638 1193 894 1292 compellatur.»

190 1305 291 1394 Quod
321 1305 352 1379 si
376 1305 525 1381 infidelis
558 1330 742 1381 conversus
769 1307 829 1406 qui
855 1332 960 1382 novas
985 1307 1130 1382 intendit
1159 1331 1237 1384 cum

125 1421 210 1496 ldeli
237 1422 375 1522 nuptias
400 1421 506 1509 inire,
535 1438 680 1521 nequeat
704 1438 802 1524 prout
828 1450 848 1497 a
872 1423 945 1497 iure
973 1423 1234 1523 praescribitur,

125 1535 339 1636 interpellare
363 1536 541 1634 coniugem
563 1535 735 1611 infidelem
761 1554 872 1611 utrum
897 1538 977 1613 velit
1002 1565 1116 1613 secum
1141 1538 1239 1614 habi-

125 1669 214 1740 tare,
234 1652 426 1752 etquidem
449 1653 524 1726 sine
544 1652 712 1727 Crantoris
732 1653 935 1729 contumelia
951 1681 991 1729 ac
1006 1656 1068 1729 Dei
1090 1655 1235 1745 offensa,

125 1795 158 1844 eo
175 1767 271 1869 quod
288 1767 413 1843 absens
434 1770 620 1869 reperiatur
645 1796 859 1870 quacumque
879 1796 919 1844 ex
939 1796 1061 1857 causa,
1082 1787 1141 1844 aut
1157 1772 1239 1871 quia

125 1883 242 1959 ductus
264 1883 327 1956 luit
352 1883 387 1957 in
412 1885 662 1985 captivitatem,
691 1901 749 1959 aut
773 1887 854 1986 quia
875 1885 1012 1983 longum
1037 1886 1101 1958 iter
1121 1912 1239 1961 susce-

125 2000 189 2101 pit,
222 2000 462 2100 ignoraturqne
486 1999 545 2074 ubi
570 2000 672 2099 degat
688 2017 746 2074 aut
763 1999 885 2088 lateat,
905 2000 986 2074 huic
1003 2000 1235 2091 incommodo,

125 2114 212 2216 quod
238 2140 307 2189 non
332 2141 408 2188 raro
433 2114 557 2188 accidit
580 2115 681 2189 etiam
700 2115 743 2188 ab
760 2114 946 2215 apostolica
963 2115 1044 2190 sede
1066 2116 1237 2217 prouisum

125 2248 181 2306 est.
208 2231 295 2304 Nam
317 2230 496 2328 Gregorius
517 2230 607 2303 lllll.
629 2230 702 2306 suis
722 2230 843 2304 litteris
868 2231 1032 2319 occurrit,
1061 2230 1235 2305 scribens:

125 2379 138 2417 r
160 2347 332 2434 Quoniam
359 2374 462 2447 saepe
493 2348 656 2446 contingit
681 2347 804 2421 multos
829 2347 1007 2447 utriusque
1035 2374 1136 2422 sexus
1161 2348 1240 2421 inli-

125 2461 215 2537 deles
241 2479 318 2562 post
342 2478 511 2536 eontracta
537 2461 653 2560 gentili
683 2462 747 2535 ritu
774 2462 987 2535 matrimonia
1013 2488 1054 2535 ex
1078 2460 1236 2560 Angola,

125 2578 321 2679 lethiopia,
342 2578 507 2667 Brasilia,
534 2595 568 2652 et
592 2577 669 2652 aliis
695 2577 819 2652 indicis
841 2578 1037 2676 regionibus
1063 2577 1107 2652 ab
1131 2578 1240 2653 hosti·

125 2692 185 2768 bus
211 2709 330 2793 captos
355 2720 375 2767 a
400 2693 547 2794 propriis
572 2692 723 2781 finibus,
751 2709 784 2766 et
809 2693 956 2793 propriis
981 2693 1182 2793 coniugibus
1204 2694 1240 2767 in

125 2809 368 2884 remotissimas
390 2809 545 2907 regiones
571 2810 806 2897 exterminari,
834 2811 919 2884 adeo
940 2826 977 2885 ut
1002 2811 1069 2911 ipsi
1092 2810 1237 2913 captivi,

125 2943 153 3001 et
171 2926 234 3027 qui
259 2925 294 2997 in
321 2926 429 3027 patria
453 2942 645 3015 remanent,
675 2927 706 3000 si
729 2944 847 3027 postea
863 2927 907 2999 ad
926 2926 1027 3000 [idem
1047 2942 1241 3002 convertan-

125 3057 197 3128 tur,
227 3041 390 3138 coniuges
415 3040 570 3114 infideles
597 3057 665 3114 tam
695 3040 795 3140 longo
824 3041 1000 3115 intervallo
1029 3042 1237 3128 disiunctos,

125 3183 163 3232 uu
182 3159 261 3232 sine
278 3156 482 3232 contumelia
500 3157 667 3232 Creatoris
685 3184 799 3232 secum
817 3156 972 3230 habitare
983 3156 1104 3244 velint,
1124 3171 1162 3228 ut
1177 3180 1241 3255 par

125 3291 192 3362 est,
222 3300 359 3349 monere
385 3290 573 3372 nequeant,
595 3271 648 3347 vel
668 3272 749 3373 quia
777 3270 945 3346 interdum
967 3271 1010 3345 ad
1032 3268 1174 3344 hostiles
1199 3295 1240 3343 ac

125 3389 287 3465 barbaras
314 3389 504 3490 provincias
536 3414 578 3461 ne
612 3389 739 3463 nuntiis
763 3387 899 3488 quidem
921 3412 1080 3461 accessus
1106 3402 1237 3486 pateat,

125 3507 173 3580 vel
187 3506 273 3607 quia
286 3505 441 3603 ignorant
454 3530 595 3604 prorsus
609 3506 643 3577 in
658 3531 743 3605 quas
758 3505 913 3602 regiones
926 3503 1051 3577 luerint
1064 3503 1237 3591 transacti,

125 3621 173 3697 rel
200 3621 286 3723 quia
311 3621 441 3694 itineris
465 3619 639 3718 longitudo
665 3646 823 3718 magnam
848 3619 965 3692 afferat
988 3618 1238 3704 difficultatem,

125 3737 253 3812 idcirco
270 3763 333 3812 nos
351 3736 563 3811 attendentes
583 3735 777 3809 huiusmodi
797 3735 965 3810 connubia
982 3735 1069 3809 inter
1085 3732 1242 3809 infideles

126 3868 312 3939 eontracta,
341 3879 421 3927 vera
446 3852 605 3952 quidem,
635 3878 702 3926 non
728 3868 839 3925 tamen
872 3851 957 3925 adeo
989 3868 1061 3924 rata
1090 3849 1238 3938 censeri,

125 3986 159 4043 ut
186 3968 389 4042 necessitate
421 3967 608 4054 suadente,
643 3966 784 4041 dissolvi
810 3991 877 4039 non
902 3966 1062 4067 possint,
1095 3964 1243 4063 singulis

125 4081 291 4157 dictorum
314 4080 464 4156 locorum
486 4081 668 4155 ordinariis
685 4098 718 4156 et
735 4080 891 4181 parochis
912 4098 946 4155 et
962 4079 1169 4182 presbyteris
1187 4106 1243 4156 so-

125 4197 256 4273 cietatis
278 4198 355 4272 lesu
376 4199 419 4271 ad
445 4198 675 4272 consessiones
695 4197 883 4271 audiendas
901 4197 944 4271 ab
962 4197 1114 4271 eiusdem
1133 4196 1243 4272 socie-

126 4314 202 4389 tatis
234 4313 468 4412 superioribus
495 4313 710 4414 approbatis,
739 4312 839 4387 etad
865 4312 974 4389 dictas
1000 4313 1154 4413 regiones
1181 4337 1244 4412 pro
