2804 5062
194 408 263 458 ιιι.
278 408 325 456 ιιι.
340 407 379 456 ιι
392 405 455 456 ιιι.
466 406 591 456 ιοιιιι.
603 391 781 458 camenus.
795 407 865 456 ιιι.
877 407 917 455 ιι
930 408 1026 457 uara.
1038 404 1109 456 ιιι.
1120 406 1155 457 ιι.
1187 381 1255 469 l'ld

143 524 327 599 cultatihus
347 523 494 620 theologi
518 522 656 622 quidem
678 522 783 595 multa
800 538 977 623 reponunt,
1007 510 1042 594 ht
1071 537 1184 597 nostra
1200 523 1257 596 ad-

144 639 252 711 missa
282 638 466 723 sententia,
487 662 527 709 ea
556 636 789 711 convelluntur
810 637 984 709 radicitus.

219 752 376 851 Sequitur
401 756 435 823 7.
464 752 506 824 Et
540 751 631 824 illam
664 750 896 823 difficultatem
920 750 1131 836 obtruncari,
1164 751 1256 850 quod

145 893 267 967 nempe
291 867 462 967 principes
482 893 586 966 quum
613 866 788 939 christiani
808 865 910 952 liunt,
934 865 1061 964 aliquid
1084 867 1259 940 auctorita·

126 983 190 1071 ,tis
219 983 384 1055 amittant.
416 982 458 1053 Αι
482 1008 561 1054 vero
586 980 754 1081 quomodo
785 1008 859 1054 eam
897 982 1125 1054 auctoritatem
1160 981 1259 1054 amit·

145 1112 217 1170 tent
232 1096 268 1167 in
285 1097 547 1183 matrimonium,
570 1123 671 1195 quam
690 1123 873 1196 numquam
899 1083 1111 1168 hahuerunt?
1137 1095 1259 1169 Aucto-

146 1212 277 1285 ritatem
297 1211 330 1283 in
353 1212 525 1285 vinculum
544 1238 652 1311 neque
669 1213 836 1298 amittunt,
858 1230 968 1310 neque
985 1212 1175 1310 acquirunt,
1197 1211 1256 1284 sed

144 1352 221 1398 eam
247 1326 362 1424 utique
389 1327 619 1399 auctoritatem
646 1326 789 1398 retinent
818 1352 919 1424 quam
949 1325 1138 1413 habebant,
1168 1351 1259 1425 quae

146 1441 222 1512 iure
235 1440 320 1537 ipsis
339 1440 508 1526 tribuitur,
522 1439 747 1513 constituendi
762 1439 1000 1539 impedimenta
1013 1440 1047 1511 in
1061 1440 1131 1513 loro
1148 1438 1254 1525 civili,

145 1553 329 1627 inordina
363 1554 406 1627 ad
424 1554 563 1627 ellectus
586 1554 702 1627 civiles
729 1580 769 1627 ac
797 1554 963 1654 politicos,
992 1553 1035 1625 ad
1063 1579 1259 1653 promoven-

144 1668 229 1741 dum
254 1667 379 1742 honum
403 1669 575 1741 societatis
593 1669 647 1741 cui
670 1685 850 1767 praesunt,
868 1684 968 1767 atque
990 1668 1033 1740 ad
1059 1669 1257 1741 servandam

146 1783 438 1882 tranquillitatem.
464 1785 536 1858 Hoc
561 1785 673 1883 reipsa
698 1784 770 1856 iure
795 1783 890 1883 potiti
918 1801 997 1856 sunt
1021 1783 1143 1880 iugiter
1167 1783 1260 1883 prin-

144 1897 241 1996 cipes
259 1896 432 1984 infideles,
453 1925 560 1997 eoque
584 1899 697 1971 adhuc
722 1899 894 1996 potiuntur
919 1913 1097 1997 postquam
1126 1899 1260 1975 suerunt

146 2011 267 2084 fideles
300 2013 422 2086 eflecti.
451 2014 603 2087 Concidit
636 2013 780 2112 proinde
809 2013 868 2087 illa
895 2014 992 2087 toties
1022 2013 1065 2087 ab
1097 2009 1259 2087 ecclesiae

143 2126 351 2201 adversariis
368 2128 499 2201 obiecta
515 2128 720 2216 difficultas3
742 2128 900 2201 nimirum
922 2129 952 2201 si
976 2130 1136 2201 adimitur
1165 2129 1259 2228 prin-

143 2241 283 2340 cipibus
303 2242 499 2316 christianis
527 2259 675 2341 potestas
700 2269 768 2342 qua
793 2268 868 2316 curn
895 2242 1007 2316 adhue
1040 2259 1154 2315 essent
1182 2243 1259 2314 iuli-

144 2356 243 2429 deles
266 2357 399 2430 luerunt
421 2358 534 2456 potiti,
561 2358 713 2431 odiosam
740 2357 809 2431 illis
836 2357 930 2431 reddi
951 2357 1144 2454 religionem
1169 2358 1259 2431 chri·

144 2470 307 2558 stianam,
327 2498 454 2571 eosque
474 2474 524 2545 sic
543 2473 688 2546 amoveri
708 2472 750 2544 ab
763 2471 994 2572 amplectenda
1007 2494 1086 2545 tera
1099 2472 1259 2569 religione

132 2612 224 2659 cum
248 2603 340 2661 tanto
369 2613 431 2660 sno
461 2588 675 2674 detrimento;
699 2588 777 2659 item
795 2587 965 2660 Christum
992 2614 1058 2660 non
1080 2587 1259 2660 advenisse

143 2717 185 2773 ut
211 2701 379 2802 principes
402 2703 560 2788 laederet,
579 2719 679 2803 atque
703 2703 776 2776 suis
804 2701 934 2776 iuribus
959 2702 1130 2803 spoliaret.
1166 2703 1258 2790 Quas

142 2816 285 2916 quidem
305 2816 518 2890 difficultates
538 2819 657 2890 mirum
680 2834 731 2892 est
752 2845 853 2917 quam
879 2834 1021 2914 urgeant
1036 2812 1260 2918 amplificent-

142 2957 215 3030 que
239 2931 340 3005 aulici
375 2933 418 3005 ad
447 2959 551 3004 unum
574 2959 690 3007 omnes
716 2933 880 3007 adversus
906 2933 1106 3007 catholicam
1137 2934 1259 3007 doctri-

144 3072 227 3119 nam
257 3073 280 3119 a
310 3047 504 3121 Tridentino
536 3049 625 3121 circa
661 3049 865 3122 matrimonii
905 3049 1143 3148 impedimenta
1181 3073 1259 3122 san-

145 3162 253 3235 citam
282 3166 371 3258 (dli).

219 3368 270 3431 (55)
285 3371 327 3420 Uti
344 3371 493 3432 Spalatensis
508 3374 631 3436 apostata,
649 3386 694 3423 aee
710 3386 760 3422 non
774 3373 827 3422 eius
840 3371 976 3436 exscriptor
992 3371 1135 3433 hannoiae,
1150 3370 1194 3434 qni
1210 3383 1258 3420 nan

143 3448 277 3497 ιιιιιιιιιιι
288 3447 378 3499 dixisse
394 3452 440 3499 art.
456 3457 479 3500 ι.
489 3464 511 3500 ι.
526 3459 548 3500 ι.
565 3450 613 3501 «ιιι
630 3464 705 3514 genus
724 3450 847 3500 lernnrstis
859 3451 985 3501 horrorem
1002 3449 1103 3512 incutit,
1121 3447 1258 3512 ecclesiam,

144 3539 178 3576 sc
200 3539 262 3575 rom.
277 3527 417 3590 pontificem
432 3529 457 3577 in
473 3528 558 3579 odium
574 3532 647 3579 vocat
660 3532 687 3579 ιι
701 3528 835 3590 invidiam,
853 3543 882 3580 ac
898 3529 1021 3594 principes
1036 3529 1147 3579 ethnicos
1157 3542 1172 3578 a
1184 3527 1259 3578 susci·

146 3605 238 3671 pisnds
255 3608 371 3671 reiigione
387 3610 521 3661 christiana
537 3610 659 3672 deterret,
673 3632 684 3654 υ
695 3612 737 3661 sed
756 3613 880 3674 praeterea
897 3612 933 3661 sic
949 3623 992 3673 per
1013 3609 1198 3674 prosopopeiarn
1215 3609 1261 3660 hoc

145 3689 320 3750 argumentum
335 3690 446 3752 exponit:
465 3712 476 3733 «
486 3692 617 3754 Reliquum
631 3694 679 3751 est,
698 3694 726 3741 ut
741 3705 770 3741 ex
789 3692 913 3755 principiis
931 3691 1057 3740 doctrinae
1072 3691 1146 3740 hoirrs
1159 3689 1262 3739 mirifice

144 3765 243 3815 sincera
264 3765 307 3816 liat
324 3767 356 3817 ad
373 3780 454 3831 regern
467 3769 605 3831 ethnicum,
618 3771 661 3833 qui
674 3770 823 3820 christianae
835 3769 944 3832 religioni
960 3783 1048 3818 nomen
1064 3768 1123 3818 darc
1137 3768 1211 3818 vellet
1223 3767 1263 3818 ad·

146 3845 262 3895 monitio.
277 3848 318 3897 Sic
332 3862 390 3910 ergo
407 3849 513 3898 breviter
529 3850 582 3911 list,
594 3851 614 3900 si
626 3851 729 3914 principi
741 3850 890 3914 competenti
902 3850 1012 3899 dicatur:
1023 3849 1090 3900 scire
1100 3848 1187 3909 debes,
1199 3847 1261 3912 prin·

145 3937 207 3988 ceps
222 3927 327 3989 optime,
342 3929 366 3977 te
378 3929 484 3978 crastina
497 3929 550 3990 dis,
569 3934 697 3992 postquam
714 3930 863 3993 baptismum
880 3930 1016 3993 susceperis
1031 3932 1055 3979 et
1068 3929 1193 3978 Christum
1211 3942 1260 3993 ser·

145 4005 258 4052 satorem
278 4005 348 4054 tuum
359 4018 388 4054 ac
398 4009 509 4056 nostrum
522 4006 644 4070 indueris,
654 4009 707 4058 sine
716 4009 788 4072 culpa
799 4008 850 4058 ulla
860 4012 903 4057 tua
915 4009 1062 4058 amissurum
1074 4010 1165 4058 certam
1176 4020 1262 4071 quam·

142 4083 205 4133 dam
226 4087 386 4150 potestatem,
407 4101 470 4150 quse
493 4088 524 4138 ad
547 4090 707 4139 continendos
724 4090 748 4138 in
765 4089 847 4140 officio
864 4090 968 4153 populos
983 4093 1006 4140 et
1022 4089 1054 4139 ad
1070 4088 1262 4140 conservandam

143 4162 216 4226 regni
231 4163 268 4213 tui
284 4178 369 4228 pacem
384 4179 413 4216 ac
428 4168 632 4231 tranquillitatem
648 4169 692 4220 tihi
709 4170 827 4220 tracturus
839 4170 976 4220 massaria
989 4170 1043 4220 luit.
1053 4172 1118 4221 Haeo
1130 4173 1212 4221 autem
1223 4174 1263 4233 po

143 4244 234 4306 testas,
246 4257 311 4307 quac
327 4245 443 4309 politicae
458 4245 677 4299 administrationis
690 4258 748 4312 pars
759 4251 798 4298 cst
810 4249 931 4312 maxima,
941 4249 966 4298 in
981 4247 1088 4299 terendis
1100 4249 1166 4299 circa
1179 4247 1262 4299 subdi·

143 4325 227 4372 torum
240 4326 339 4374 tuorum
356 4326 511 4376 matrimonia
527 4327 621 4390 tegibus
632 4327 756 4391 consistit,
769 4328 828 4378 dum
846 4329 888 4378 alii
905 4328 936 4379 ad
953 4328 996 4379 illa
1012 4327 1182 4379 contrahenda
1193 4328 1261 4379 hahi-
