2804 5062
195 346 1127 441 'urr.v.nrnccn.rer.manns.narnucinsrnnsnrrr.
1180 373 1250 444 187

214 499 350 597 lligilius
375 501 526 600 pontifex
551 501 693 577 irritavit
705 503 899 602 coniugium
926 507 1148 583 Theodoberti
1163 514 1252 610 regis

155 613 214 688 initi
237 632 315 689 cnm
339 618 442 692 vidua
468 644 529 693 eeu
554 618 669 693 relicta
694 619 806 695 lratris
832 620 911 707 sui,
941 648 981 696 ac
999 623 1251 702 Theodobertus

153 731 317 831 acquievit.

208 849 272 923 leo
298 849 359 921 111.
395 848 524 924 nullum
547 850 729 927 declaravit
750 852 943 950 coniugium
968 837 1105 930 Henrici
1124 858 1150 928 l.
1173 857 1251 932 Cas·

153 965 234 1040 tellae
252 967 344 1065 ragis
369 992 446 1042 eum
465 967 535 1043 lilia
555 969 644 1067 regis
661 969 854 1043 Lusitaniae
871 986 1006 1072 propter
1028 972 1252 1073 impedimen·

152 1096 205 1154 um
222 1085 537 1183 consanguinitatis.
554 1087 719 1161 Henrieus
737 1112 817 1161 vero
834 1087 907 1162 eius
927 1090 1114 1164 sententiae
1132 1093 1246 1166 cessit.

208 1198 387 1296 Gregorius
408 1201 444 1272 V.
463 1200 667 1275 dissolutum
692 1202 885 1298 coniugium
910 1202 1094 1278 declaravit
1118 1205 1250 1280 lloberti

153 1313 338 1390 laneorum
353 1316 443 1415 regis
461 1343 538 1391 enm
556 1318 654 1391 Berta
679 1317 771 1391 affini
795 1344 881 1407 sua,
903 1333 952 1393 'ac
969 1320 1132 1395 Robertus
1151 1348 1189 1396 re
1207 1323 1251 1398 ab

153 1427 198 1501 illa
214 1431 373 1505 seiunxit.
470 1445 474 1453 '
530 1446 533 1453 ⁴

206 1546 391 1620 Edixerunt
408 1546 591 1624 Galliarum
604 1549 757 1650 episcopi
771 1577 791 1623 a
809 1549 928 1625 Carolo
945 1552 989 1625 M.
1004 1552 1249 1651 repudiandam

152 1659 263 1734 Mtam
292 1663 406 1736 filiam
420 1664 509 1761 regis
533 1664 829 1762 longobardorum
852 1666 896 1742 ob
921 1667 1139 1766 impotentiae
1156 1668 1249 1745 dele

152 1793 241 1866 ctum,
271 1780 373 1878 eique
394 1780 533 1854 Carolus
560 1782 720 1857 nuncium
745 1783 883 1856 remisit.
914 1782 974 1855 llle
1000 1798 1121 1881 nempe
1147 1783 1249 1859 Caro-

153 1889 242 1966 lrsll.
259 1895 320 1995 qni
339 1895 398 1968 lib.
415 1897 453 1968 V.
474 1923 611 1971 suorum
624 1897 867 1996 capitularium
885 1923 961 1997 cap.
974 1899 1011 1968 V.
1033 1898 1167 1972 decreta
1185 1925 1249 1972 sua

153 2010 264 2098 onnia,
294 2037 383 2111 qnae
397 2039 459 2112 pro
476 2013 605 2087 obiecto
622 2014 815 2110 coniugium
830 2013 955 2087 habent
973 2014 1158 2087 conformia
1172 2041 1249 2114 pm·

153 2122 243 2200 fitetur
259 2128 465 2203 ordinationi
486 2130 636 2228 Gregorii
654 2131 777 2204 summi
796 2130 965 2232 pontificis
983 2159 990 2201 :
1012 2133 1091 2229 quio
1104 2134 1153 2205 sic
1168 2131 1249 2205 Gre—

152 2245 241 2335 eon'ne
261 2247 384 2329 sentit‚'
409 2262 443 2318 et
463 2271 538 2345 cap.
553 2247 624 2320 Vll.
650 2246 708 2319 uhi
729 2273 833 2345 agens
859 2245 901 2321 de
923 2247 1247 2343 consanguineorum

152 2359 332 2448 connubiis,
362 2361 522 2435 standum
556 2389 634 2436 esse
668 2363 843 2436 constituit
875 2361 1055 2437 sacerdotii
1093 2361 1244 2436 indicio:

153 2473 259 2549 «iuxta
285 2477 676 2552 constituta'sanctorum
699 2494 852 2577 patrum,
878 2495 912 2552 et
927 2479 1020 2551 iuxta
1038 2476 1172 2550 decreta
1195 2501 1248 2552 ca·

151 2611 254 2664 mrum
281 2591 566 2668 iudiceturn'non
592 2603 703 2668 autem
728 2594 821 2667 iuxta
842 2594 934 2691 leges
952 2592 1156 2693 imperiales.

203 2706 349 2781 Carolus
369 2707 493 2782 Calvus
523 2735 709 2808 numquam
742 2710 918 2809 permisit,
955 2724 991 2782 ut
1020 2709 1244 2782 subsisterent

149 2822 300 2896 connubia
321 2823 411 2897 inter
440 2824 574 2898 francos
604 2848 644 2898 ac
674 2851 878 2898 normannos
908 2825 1013 2913 inita,
1041 2851 1081 2899 eo
1107 2825 1199 2926 quod
1227 2849 1247 2899 a

150 2959 213 3010 rom
228 2939 448 3039 pontificibus
474 2941 599 3014 luerint
621 2940 809 3014 interdicta.
843 2942 910 3012 «Si
937 2956 1072 3029 autem,
1101 2941 1150 3015 ait
1174 2942 1247 3040 ipse

149 3048 325 3129 indecreto
348 3057 493 3129 Pistensi
511 3082 588 3155 cap.
604 3057 703 3128 XXX.
721 3056 764 3129 de
776 3056 853 3129 istis
867 3056 1019 3154 partibus
1040 3057 1074 3128 in
1094 3055 1163 3128 illis
1178 3055 1246 3128 loe-

148 3168 224 3243 nina
238 3172 419 3259 maritum,
441 3182 500 3245 aut
517 3173 660 3245 maritus
683 3172 863 3246 foeminam
884 3172 1037 3272 accepit'3
1066 3169 1149 3242 illud
1167 3195 1247 3245 con-

147 3280 257 3382 ingiam
272 3347 279 3375 ,
297 3289 378 3386 qnia
397 3316 464 3362 non
485 3304 537 3362 est
556 3288 684 3386 legale,
706 3315 816 3388 neque
841 3288 1048 3385 legitimum,
1078 3284 1165 3358 sicut
1183 3286 1246 3358 Leo

146 3395 323 3476 ndecretis
337 3404 410 3477 suis
423 3408 456 3477 et
468 3407 605 3478 sanctus
625 3405 803 3502 Gregorius
822 3403 857 3474 in
870 3400 1024 3502 epistolis
1038 3408 1242 3486 monstrant,

144 3510 335 3592 dissolvatur
355 3522 445 3615 (12).
466 3551 483 3588 n
1218 3526 1220 3531 ’

198 3632 352 3732 Cumque
377 3650 530 3730 ageretur
555 3635 589 3705 in
612 3634 729 3706 Galliis
756 3633 798 3705 de
821 3633 1034 3705 matrimonio
1060 3633 1146 3703 inter
1170 3629 1245 3700 Phi-

145 3739 258 3846 lippum
286 3748 475 3846 Augustnm
502 3750 644 3849 eiusque
668 3775 805 3822 uxorem
823 3749 1087 3846 lngenburgem,
1112 3772 1179 3818 non
1197 3760 1247 3816 ta·

143 3881 293 3951 nerunt,
322 3881 359 3936 ut
378 3863 463 3936 alias
476 3866 645 3951 vidimus,
674 3866 741 3937 dno
759 3865 937 3963 pontifices
955 3862 1166 3935 Caelestinus
1181 3859 1240 3929 lll.

144 3992 167 4047 et
178 3979 393 4054 Innocentius
417 3981 475 4052 ΙΙΙ.
496 3982 597 4054 Porro
615 3980 824 4053 Caelestinus
847 4006 949 4077 super
967 3978 1031 4051 hoc
1052 3975 1244 4074 negotiand

193 4200 242 4263 (ιι)
258 4205 290 4252 D.
303 4202 392 4253 Gibert
410 4202 437 4251 in
453 4215 498 4252 suo
514 4204 620 4253 tractatu
640 4206 679 4253 De
698 4203 839 4254 traditione
858 4203 1135 4253 circo-sacromentum
1154 4200 1245 4250 motrt·

146 4282 211 4330 nonu
226 4282 305 4333 tubas
321 4284 374 4333 rot.
385 4283 447 4333 int.
458 4284 565 4334 ostendlt
583 4283 647 4334 serie
666 4296 717 4334 non
737 4283 875 4347 interrupta
892 4283 1096 4335 documentorum
1116 4279 1242 4334 materiam

148 4350 194 4407 lna
212 4360 300 4424 ingiter
315 4360 391 4412 tuisse
404 4362 521 4412 eeclesiae
539 4361 703 4413 iurisdictioni
723 4362 863 4413 obnoxiam.
