2804 5062
143 379 203 428 cir.
214 378 249 428 u.
263 378 303 426 nr
316 376 404 428 scot.
419 377 526 426 roras.
540 375 647 427 cousr.
661 379 726 427 nrr.
741 380 834 428 xxrn.
848 379 911 428 orn.
925 379 1050 434 anam.
1104 358 1148 429 Π

10 553 19 595 3
82 499 184 570 trariam
208 496 344 569 illorum
367 521 445 569 esse
470 495 675 583 doctrinam,
695 497 754 596 qui
776 496 978 569 contendunt
1004 497 1155 571 tridenti-

78 638 121 686 nos
135 638 275 687 mnones
301 609 443 709 intelligi
471 636 590 710 posse,
611 611 713 684 immo
738 629 771 685 et
796 612 918 685 debere
934 613 976 685 de
994 629 1157 711 potestate

73 728 210 801 aeclesiae
239 726 445 813 adventitia,
473 752 626 827 quaeque
656 754 696 800 ex
722 728 912 827 principum
944 728 1155 802 conniventia

72 869 100 917 ao
120 844 226 917 lavore
251 841 439 943 proveniat.

123 958 172 1029 tv.
200 957 333 1030 Cuncta
341 955 477 1029 demum
490 983 599 1028 rerum
613 957 770 1031 adiuncta
782 959 1044 1032 commentitium
1058 958 1157 1056 plane

66 1070 217 1144 ensmodi
238 1069 401 1170 placitum
432 1069 623 1143 excludunt.
652 1071 824 1170 Siquidem
849 1098 925 1145 oum
956 1072 1156 1146 tridentinae

65 1186 183 1286 synodo
206 1185 416 1259 interfuerint
439 1185 627 1286 principum
651 1202 797 1262 oratores
823 1187 1061 1274 oculatissimi,
1083 1187 1155 1287 qui-

64 1328 118 1401 que
139 1327 272 1376 summo
304 1301 418 1374 studio
448 1300 611 1374 cavebant
635 1330 676 1376 ne
701 1302 875 1375 minimum
909 1302 991 1403 quid
1017 1303 1156 1401 deroga-

63 1433 136 1490 retur
158 1416 355 1517 principum
381 1442 516 1489 suorum
543 1417 691 1506 iuribus,
723 1434 782 1491 aut
808 1444 847 1492 ea
876 1419 1066 1494 uiderentur
1090 1417 1155 1490 lae·

63 1532 103 1620 li,
133 1532 286 1632 profecto
311 1532 402 1607 illico
426 1532 703 1621 insurrexissent,
740 1534 949 1634 luissentque
982 1533 1153 1635 protestati

10 1654 12 1661 '
63 1666 158 1722 eontra
183 1646 380 1748 propositos
412 1673 580 1736 canones,
609 1650 638 1723 si
663 1649 965 1750 deprehendissent
988 1676 1028 1724 ac
1053 1650 1154 1723 etiam

63 1765 208 1865 suspicati
242 1761 355 1838 solum
387 1763 530 1838 luissent
554 1765 601 1837 ita
625 1763 700 1838 illos
726 1765 881 1862 ambigue
912 1765 1090 1851 constitui,
1120 1779 1156 1838 ut

62 1880 237 1979 principum
269 1878 490 1976 originarium
515 1879 568 1953 ins
602 1897 660 1952 aut
690 1879 842 1966 excludi,
871 1880 988 1952 autin
1014 1878 1154 1951 dubium

63 1997 193 2068 revomi
217 1994 404 2069 videretur.
434 1995 621 2097 Numquam
646 1996 734 2068 enim
761 1995 905 2068 luissent
930 1995 1023 2094 passi
1048 2009 1085 2067 ut
1108 1994 1155 2066 ita

62 2109 295 2199 adstrueretur,
327 2128 361 2185 et
389 2109 524 2211 quidem
549 2098 734 2209 dogmatice
758 2110 920 2185 ecclesiae
945 2125 1092 2209 potestas
1118 2108 1153 2181 in

60 2223 282 2300 dirimentibus
315 2226 563 2326 impedimentis
597 2227 796 2300 matrimonii
831 2225 1094 2312 constituendis,
1123 2224 1152 2298 si

60 2339 236 2416 istiusmodi
264 2357 415 2441 potestas
440 2368 505 2417 non
522 2359 612 2416 esset
628 2343 658 2415 ei
677 2343 742 2416 nisi
761 2342 941 2416 adventitia
959 2368 999 2413 ex
1016 2365 1152 2413 suorum

58 2457 235 2558 principum
266 2456 504 2555 indulgentia,
538 2473 638 2556 atque
662 2458 850 2555 exegissent
875 2454 1092 2556 proculdubio
1117 2470 1154 2527 ut

59 2571 280 2671 inredigenda
305 2571 497 2646 eorumdem
523 2597 686 2645 canonum
712 2571 854 2645 formula
880 2572 971 2644 lieret
995 2595 1153 2670 expressa

58 2689 166 2762 monuo
189 2689 238 2763 de
266 2688 449 2786 originaria
483 2689 711 2788 imperatoris,
741 2714 874 2785 regum,
902 2702 1153 2785 ceterorumque

58 2805 238 2904 principum
262 2818 443 2904 potestate;
464 2819 501 2875 ut
517 2819 607 2902 patet
629 2829 670 2875 ex
696 2803 858 2876 constanti
885 2801 1049 2876 eiusmodi
1067 2799 1152 2873 auli·

57 2944 155 2992 corum
179 2917 309 3017 agendi
342 2918 487 3004 ratione,
518 2917 575 3017 qui
602 2917 644 2990 de
669 2917 799 2990 iuribus
830 2917 1019 3017 principum
1044 2917 1152 3013 magis

57 3057 85 3105 se
98 3033 264 3109 sollicitos
289 3033 464 3106 ostendere
480 3050 739 3120 consueverunt,
760 3060 861 3132 quam
880 3033 1047 3132 principes
1068 3031 1146 3130 ipsi.

57 3149 143 3250 ltqni
170 3166 286 3223 nmen
303 3175 343 3220 ex
362 3165 409 3222 tot
425 3148 610 3222 oratoribus
636 3150 669 3220 in
695 3148 835 3223 concilio
852 3174 895 3220 ne
912 3173 999 3219 unus
1016 3143 1151 3245 quidem

58 3264 150 3337 notit
161 3302 179 3349 ,·
201 3262 263 3362 qui
289 3260 342 3335 tel
367 3262 558 3336 mussitaret
582 3277 640 3335 aut
664 3262 828 3348 hisceret;
849 3260 937 3361 quod
960 3272 1152 3356 argumento

58 3392 96 3448 est
117 3373 350 3460 ineluctabili,
375 3376 519 3449 nondum
545 3403 586 3450 eo
610 3393 757 3475 tempore
781 3375 815 3446 in
838 3374 1020 3447 aulicorum
1037 3397 1077 3444 ac
1094 3396 1153 3472 po-
1228 3466 1230 3471 Δ

57 3487 211 3566 litioorum
230 3505 377 3562 mentem
395 3489 540 3564 subiisse
557 3491 754 3565 sententiam
773 3504 958 3565 nostrorum
976 3487 1154 3562 neoterico-

58 3631 117 3679 rum
133 3607 179 3679 da
196 3619 365 3705 potestate
387 3604 549 3679 ecclesiae
572 3606 754 3680 adventitia
771 3606 805 3677 in
823 3604 1065 3679 constituendis
1090 3603 1152 3675 im-

58 3721 251 3816 pedimentis
277 3720 445 3794 oonnubia
470 3722 652 3796 christiana
677 3721 921 3795 dirimentibus.

119 3834 162 3909 At
184 3836 348 3937 qnoniam
373 3834 566 3911 aduersarii.
582 3853 648 3911 tam
674 3837 895 3938 praefidenter
915 3836 1081 3910 affirmant
1097 3857 1154 3934 po

37 3947 198 4024 'marem
232 3950 321 4024 banc
352 3950 512 4025 ecclesiae
543 3951 755 4025 adventitiam
787 3978 863 4026 esse
893 3977 932 4022 ex
965 3949 1152 4049 principum

59 4066 288 4154 encaenium,
317 4065 460 4164 agedum
492 4057 650 4140 adiuncta
678 4069 747 4155 rei,
776 4066 954 4166 temporis,
983 4064 1077 4147 loci,
1113 4090 1154 4139 ac

59 4204 266 4275 personarum
294 4183 524 4282 inquiramus:
546 4183 714 4282 proterant
737 4209 804 4284 quo
829 4181 920 4268 loco,
941 4195 1153 4281 quovetem

60 4318 145 4391 pore,
165 4315 199 4373 et
215 4297 421 4399 quibusnam
447 4297 655 4397 principibus
680 4314 737 4373 aut
760 4295 984 4373 annuentibus
1001 4311 1060 4372 aut
1076 4321 1152 4370 oon·
