2804 5062
246 344 291 415 ii
449 333 451 337 ¹
480 368 540 418 nis.
562 368 597 418 u.
618 367 705 417 sacr.
726 368 748 417 r.
770 368 809 416 ns
828 366 951 417 rorssr.
974 365 1099 418 scasas.

244 497 406 581 potestate
431 483 471 555 nd
491 483 581 559 soios
602 507 754 580 regesne
779 483 949 583 principes
971 482 1088 557 civiles
1107 485 1291 583 pertinere,
1318 505 1351 561 ut

242 597 385 670 ecclesia
406 611 549 695 nequeat
561 597 636 670 sina
649 597 888 696 usurpatione,
916 611 974 670 aut
989 595 1199 693 induigentia
1222 616 1345 673 etcon·

243 713 398 785 cessione
422 711 612 810 principum
630 709 715 783 illud
731 736 885 784 exercere
904 714 968 806 (3).
991 710 1075 783 Cum
1090 737 1169 786 vero
1186 711 1347 787 dissimu-

244 825 313 899 iare
324 851 391 899 non
404 839 519 925 posset
529 825 705 899 concilium
721 824 939 898 tridentinum
961 849 1047 897 sess.
1064 825 1163 897 xxiv
1194 829 1343 900 canili.

243 956 277 1014 et
301 942 354 1011 lv.
376 941 554 1015 anathema
572 941 605 1013 in
624 967 683 1014 eos
697 941 834 1028 tulisse,
856 940 914 1039 qui
933 940 1102 1012 dixerint:
1127 941 1347 1016 «Ecclesiam

244 1080 310 1127 non
329 1080 429 1154 posse
445 1056 645 1130 constituere
658 1055 897 1155 impedimenta
915 1053 1164 1126 matrimonium
1185 1054 1347 1129 dirimen-

243 1169 308 1255 tia,
327 1198 344 1238 n
360 1169 436 1268 ipse
459 1195 517 1242 eos
535 1169 668 1267 negarit
688 1194 765 1242 esse
782 1166 1013 1266 dogmaticos3
1041 1183 1112 1240 tum
1139 1193 1225 1242 noro
1249 1169 1346 1270 plane

241 1307 284 1355 ac
301 1298 399 1356 antea
417 1282 566 1357 inaudito
582 1282 750 1382 paradoxo
774 1281 913 1380 effutiit,
935 1279 1133 1354 tridentinos
1156 1298 1270 1380 patras
1295 1310 1348 1357 ec-

243 1396 369 1470 clesiae
393 1396 528 1470 nomine
553 1422 647 1493 reges
672 1422 711 1469 ac
740 1395 909 1496 principes
939 1394 1174 1492 significasse,
1204 1421 1345 1495 qnorum

242 1509 419 1583 dumtaxat
446 1510 582 1584 nomina
614 1526 646 1583 et
675 1510 870 1583 auctoritate
894 1522 1003 1609 potest
1027 1508 1170 1582 occissis
1202 1526 1347 1585 statuere

243 1622 498 1723 impedimenta.
515 1623 703 1696 Temerario
715 1622 796 1694 huic
809 1621 935 1696 auctori
950 1648 1025 1694 sese
1037 1640 1266 1721 opposuerunt
1283 1652 1346 1698 non

247 1738 344 1838 pauci
358 1796 366 1824 ,
393 1737 486 1838 iique
499 1737 685 1812 doctissimi
699 1737 900 1837 scriptores,
922 1737 1009 1810 inter
1024 1763 1110 1837 quos
1135 1738 1348 1812 eminuerunt

245 1848 443 1927 Dominions
471 1852 623 1927 Galesius
645 1851 851 1926 Rubensium
874 1851 1054 1951 episcopus
1075 1855 1143 1948 (i),
1167 1879 1269 1964 quem
1287 1855 1348 1926 im·

245 1993 395 2067 pugnare
413 1969 580 2042 Leunoius
602 1993 782 2066 aggressus
804 1982 855 2042 est
878 1969 949 2063 (n);
974 1993 1035 2040 nac
1057 1994 1124 2042 non
1151 1968 1347 2043 Lenilierius

243 2082 306 2181 qui
324 2081 446 2154 malam
472 2083 611 2155 Launoii
634 2082 735 2156 iidem
761 2082 795 2156 in
814 2080 993 2156 afferendis
1012 2080 1158 2156 textibus
1175 2081 1274 2156 ioede
1291 2082 1348 2157 de-

247 2196 394 2295 pravatis
420 2197 573 2295 apprime
597 2195 722 2270 detexit
749 2201 761 2292 (
786 2201 813 2291 ).

320 2310 459 2384 launoii
485 2309 637 2407 vestigiis
658 2310 850 2383 institerunt
875 2335 940 2385 non
965 2310 1064 2409 pauci
1089 2311 1270 2399 causidici,
1294 2339 1348 2387 ca-

248 2424 425 2511 nonistas,
453 2440 553 2523 utque
577 2423 722 2520 theologi
740 2439 809 2496 tum
828 2423 862 2495 in
886 2424 1046 2511 dustria,
1067 2440 1137 2497 tum
1160 2425 1193 2497 in
1213 2424 1346 2512 Galliis,

292 2641 349 2707 ‘isi
365 2646 406 2695 Sic
425 2645 490 2697 enim
507 2646 591 2698 scribit
611 2661 651 2711 op.
672 2648 715 2698 cit.
743 2651 789 2699 art.
812 2652 835 2698 t.
857 2661 881 2698 c.
903 2653 925 2698 t.
945 2646 1032 2698 coion.
1053 2646 1176 2710 allobrog.
1198 2650 1267 2698 nist.
1287 2661 1344 2711 opp.

249 2725 310 2774 tom.
333 2726 352 2774 l.
373 2738 427 2789 pag.
451 2729 507 2775 itu.
527 2738 578 2789 seq.
600 2726 778 2790 «spiritualem
800 2729 943 2791 potestatem
963 2725 995 2775 ab
1015 2725 1120 2777 seculari
1141 2723 1247 2789 pendere
1264 2727 1347 2789 quoad

250 2806 361 2854 naturam
381 2803 462 2854 ciriiis
476 2805 616 2855 munacius
633 2805 801 2867 matrimonii,
816 2805 857 2855 cni
877 2805 925 2856 iam
941 2804 1048 2866 legitimo
1058 2804 1123 2854 iacto
1140 2802 1260 2854 diuinitus
1279 2817 1347 2855 acee-

250 2881 289 2934 dit
306 2882 368 2934 ratio
386 2883 548 2946 assumenti,
568 2883 702 2936 weuimm
720 2886 863 2948 potestatan
880 2897 896 2934 a
913 2883 1034 2948 spirituaii
1055 2883 1159 2948 pendere
1176 2883 1259 2947 quoad
1276 2884 1349 2934 mini·

251 2961 352 3013 sterium
372 2962 517 3011 sacramenti
535 2963 699 3026 matrimonii,
720 2976 769 3026 qua
787 2967 964 3014 sacramentum
983 2965 1037 3012 est:
1058 2962 1121 3012 hanc
1139 2964 1250 3013 mutuam
1266 2963 1348 3013 cisiiis

247 3043 278 3092 'at
294 3040 427 3105 spirituaiis
446 3041 573 3104 potestatis
594 3040 818 3093 subordinationem
838 3041 935 3091 docum
961 3041 1036 3091 tuisse
1054 3055 1070 3091 a
1088 3041 1186 3092 Geiasio
1205 3043 1231 3091 et
1247 3041 1349 3093 iiieoiao

249 3121 420 3185 maiiticibirs3
441 3120 642 3184 impedimentum
657 3121 839 3172 matrimonium
859 3121 976 3171 dirimens
995 3135 1024 3172 es
1041 3134 1068 3171 se
1087 3132 1181 3185 simque
1195 3133 1283 3184 genua
1298 3135 1351 3173 asse

247 3200 320 3251 dasse
331 3238 339 3264 ,
351 3213 400 3251 non
411 3199 550 3265 spirituale:
567 3199 687 3251 seculares
700 3201 820 3264 principes
833 3199 1006 3264 impedimenta
1017 3199 1198 3250 matrimonium
1209 3198 1349 3250 dirimentis

249 3284 355 3333 statuere
369 3295 455 3346 posse,
466 3282 560 3333 aecium
576 3281 733 3333 sacerdotatis
748 3281 842 3331 ordinis
851 3293 984 3342 consensu,
999 3280 1041 3342 qui
1052 3279 1198 3330 secularium
1213 3279 1350 3343 principum

247 3362 343 3425 tegibm
359 3361 489 3414 obediendi
506 3363 672 3414 necasntatem
693 3361 785 3424 addat,
810 3361 880 3425 qnasi
907 3360 971 3424 leges
991 3360 1047 3410 iliae
1069 3373 1100 3410 ex
1124 3359 1348 3411 nominassem

249 3439 301 3491 sim
320 3441 444 3506 otiandi
461 3442 595 3507 habereut;
616 3441 789 3494 sacerdotalem
814 3441 925 3491 ordinem
948 3453 1040 3491 sacram
1059 3439 1200 3504 pontificum
1216 3440 1347 3490 auctorita·

250 3521 299 3569 iem
317 3531 366 3569 non
384 3534 455 3584 posse
480 3521 532 3572 sine
558 3535 676 3573 mosanas
698 3520 834 3584 principum
856 3519 1028 3584 impedimenta
1049 3517 1187 3569 dirimentis
1207 3520 1349 3569 statuere»

316 3599 350 3660 (t)
366 3602 394 3648 in
411 3591 451 3664 op.
471 3601 655 3652 inclutostiso
671 3604 698 3652 in
716 3602 913 3651 matrimonium
926 3601 1050 3663 potestas.
1071 3596 1226 3662 Amtooento
1241 3611 1291 3662 pru
1307 3610 1347 3648 ue·

250 3679 395 3729 iustissinsa
406 3681 431 3728 et
442 3677 572 3729 annotina
586 3677 708 3729 torinna
726 3678 758 3729 de
771 3682 829 3729 tare
844 3677 964 3729 ecciesiae
977 3680 1005 3727 in
1020 3674 1169 3727 sanciendis
1183 3675 1284 3740 leptim
1294 3689 1348 3726 ma·

250 3759 403 3825 trimonirsnt
417 3757 617 3822 inspectantibus
633 3760 659 3809 et
678 3757 868 3809 dirimentibus.
886 3760 977 3808 Rornae
998 3761 1063 3808 tati.
1086 3757 1135 3806 voi.
1152 3768 1195 3805 un.
1217 3757 1243 3805 in
1262 3759 1286 3807 t.

316 3838 350 3901 (a)
365 3840 393 3888 in
412 3837 456 3888 lib.
478 3837 527 3887 iam
547 3837 589 3887 cit.
610 3839 719 3887 ioannis
734 3840 844 3887 manati
862 3840 1041 3887 contentorum
1061 3839 1088 3886 in
1107 3835 1174 3886 iitro
1192 3835 1289 3887 Gnissi
1310 3848 1347 3886 er·

248 3920 371 3969 rotomm
384 3916 464 3968 incisa
483 3916 800 3981 manutenueritis.
823 3920 889 3967 tuti.
909 3916 972 3967 inter
991 3929 1048 3980 opp.
1068 3915 1170 3965 mannii
1191 3914 1230 3965 ed.
1256 3918 1281 3965 et
1300 3915 1347 3964 ioc.

248 3996 290 4047 cit.
307 4010 361 4062 pag.
384 4003 510 4049 sss-roso.

316 4076 350 4139 (a)
369 4079 400 4125 in
417 4075 516 4127 titiant
532 4078 654 4140 Mopistri
675 4078 783 4126 mancii
802 4075 912 4139 theotoci
930 4077 1100 4139 parisiensis,
1118 4077 1164 4140 qai
1177 4075 1346 4125 inscribitur:

250 4156 329 4219 iterio
342 4157 369 4205 in
387 4158 586 4208 matrimonium
602 4158 717 4219 maetas
734 4154 941 4216 assonationes,
952 4157 1060 4205 anctore
1073 4154 1189 4219 tteoioqs
1198 4156 1347 4220 parisiensi.

251 4234 327 4285 Paris
351 4239 418 4286 isis.
438 4247 468 4285 sc
487 4236 606 4299 reperitur
617 4236 641 4285 in
655 4235 798 4286 coiieedoue
808 4249 865 4301 opp.
877 4235 978 4287 Leunoii
990 4235 1028 4286 ed.
1042 4236 1084 4286 cii.
1096 4239 1157 4287 tom.
1172 4238 1214 4287 IV.
1234 4238 1297 4298 pari.
1316 4224 1347 4285 ii.

250 4326 305 4377 pag.
321 4319 427 4366 tiosos.
