2804 5062
240 354 285 426 lt
461 375 540 426 mr.
561 375 597 426 u.
617 373 704 425 secr.
724 375 748 424 r.
769 374 809 424 ns
827 374 951 426 rorssr.
973 374 1100 426 aconas.

239 488 346 567 lorum
363 493 577 592 opinionem,
593 493 652 591 qui
666 492 786 565 docent
803 517 904 591 posse
918 492 1088 590 principes
1108 492 1346 591 impedimenta

240 622 387 681 statuere
404 634 492 707 quae
517 607 645 679 irritent
664 608 774 704 ipsum
800 605 984 679 naturalem
1002 623 1209 680 contractum
1236 610 1348 682 matri·

239 723 341 796 monii
356 721 456 795 etiam
470 737 546 822 post
565 721 639 794 eius
660 721 864 794 evectionem
877 721 918 791 ad
934 721 1134 794 sacramenti
1152 721 1347 818 dignitatem

179 875 181 881 .
219 837 436 911 >auctoritate
457 834 523 907 sibi
549 835 662 908 innata
690 861 730 908 ao
760 835 917 934 propria;
940 861 1057 907 verum
1081 836 1181 908 etiam
1204 840 1347 934 practice

240 950 330 1024 bane
347 949 428 1023 dicit
445 976 522 1023 esse
538 949 692 1024 tutiorem
710 1005 718 1035 ,
739 948 810 1023 sive
827 949 940 1048 quoad
959 948 1128 1048 principes
1145 1007 1153 1036 ,
1175 950 1251 1024 sive
1267 977 1348 1049 quo

241 1063 284 1137 ad
302 1063 497 1150 ecclesiam,
530 1063 602 1137 sive
626 1064 737 1163 quoad
763 1064 971 1149 societatem,
993 1064 1065 1137 sive
1088 1065 1200 1163 quoad
1224 1065 1348 1138 nuben-

242 1193 292 1251 tes
318 1177 412 1276 ipsos
436 1180 524 1273 (38).

315 1292 365 1364 lta
389 1292 526 1390 quidem
545 1292 601 1364 bic
617 1308 733 1366 auctor
756 1291 855 1365 annis
882 1291 1008 1390 elapsis
1031 1292 1065 1363 in
1093 1291 1213 1390 primis
1238 1293 1347 1392 operis

241 1405 297 1480 sui
313 1405 531 1492 editionibus,
547 1433 637 1479 nuno
649 1432 728 1480 tero
741 1407 775 1477 in
794 1407 912 1506 quinte
930 1405 1072 1480 huiusce
1089 1422 1250 1479 tractatus
1265 1432 1349 1481 oom-

243 1519 358 1618 pendii
376 1520 539 1607 editione,
560 1547 580 1593 a
597 1521 772 1593 sententiis
789 1547 875 1620 quas
892 1521 987 1621 prius
1013 1521 1225 1594 adstruxerat
1246 1547 1350 1596 neces

243 1633 313 1719 sit,
346 1634 600 1734 doctrinamque
623 1662 720 1708 suam
750 1635 924 1709 doctrinae
952 1634 1156 1736 apostolicae
1185 1635 1279 1708 sedis
1309 1636 1350 1709 ad

242 1749 407 1823 amussim
425 1750 646 1823 conformavit
664 1749 797 1850 publice
809 1749 985 1823 declarans
1003 1749 1100 1823 senil
1115 1749 1206 1823 aliud
1227 1751 1351 1824 sentire

243 1890 283 1937 ac
310 1880 421 1937 tenere
444 1864 531 1938 velle
557 1864 624 1937 nisi
642 1865 732 1964 quod
750 1863 793 1937 ab
818 1864 883 1936 bec
908 1863 1057 1937 veritatis
1084 1863 1248 1958 magistra
1266 1881 1352 1938 tene·

245 1993 298 2051 tur
323 1995 423 2078 atque
447 1979 586 2053 docetur
602 1983 690 2074 (39).
722 1980 815 2066 Quae
839 1978 975 2078 quidem
1001 1977 1121 2074 agendi
1141 1978 1226 2051 ratio
1249 2003 1352 2077 penes

141 2078 143 2081 ⁵
243 2118 361 2165 omnes
389 2093 475 2166 bene
505 2095 687 2168 sentientes
717 2095 826 2166 eidem
855 2094 1045 2167 clarissimo
1066 2093 1193 2167 auctori
1218 2092 1352 2168 laudem

245 2232 311 2279 non
338 2207 513 2280 minimam
537 2207 769 2306 comparavit,
791 2233 921 2306 nosque
944 2207 1011 2306 ipsi
1030 2207 1061 2279 ei
1087 2232 1127 2278 ex
1152 2206 1267 2282 animo
1282 2233 1354 2305 gra-

247 2321 404 2394 tulamur.

317 2435 553 2535 Opportunum
574 2437 733 2511 duximus
760 2438 824 2510 sub
849 2438 961 2537 ipsum
987 2438 1194 2512 tractationis
1221 2455 1353 2512 nostrae

246 2548 418 2620 exordium
445 2566 546 2622 totam
573 2551 675 2625 buius
692 2552 938 2624 controversiae
963 2551 1137 2625 historiam
1162 2550 1257 2623 brevi
1283 2577 1356 2652 pro·

247 2688 383 2761 ponere.
413 2662 624 2764 Quamquam
649 2667 740 2738 enim
766 2667 983 2767 quaestiones
1010 2665 1239 2765 multiplices,
1268 2692 1356 2765 quas

247 2777 282 2848 in
309 2776 471 2851 historica
488 2778 552 2852 heo
577 2780 833 2855 adumbratione
856 2782 1052 2879 attigimus,
1083 2782 1204 2881 partim
1231 2782 1266 2853 in
1292 2781 1355 2855 bac

248 2890 356 2991 prima
372 2891 448 2963 libri
476 2893 644 2980 sectione,
672 2896 791 2993 partim
810 2895 843 2966 in
862 2895 984 2981 altera,
1014 2911 1113 2994 prout
1133 2894 1216 2968 ordo
1243 2922 1355 2970 rerum

247 3033 286 3080 ac
311 3006 461 3082 idearum
480 3008 663 3106 postulabit
681 3009 937 3109 pertractandae
955 3011 1043 3096 sint,
1064 3011 1156 3084 iuvat
1173 3027 1285 3084 tamen
1303 3038 1357 3108 ge

315 3198 364 3260 (ts)
381 3196 447 3247 Part.
458 3197 502 3247 tlt.
514 3198 572 3248 sect.
586 3200 618 3248 il.
630 3212 684 3263 cup.
698 3201 729 3249 il.
744 3203 790 3249 ert.
802 3205 824 3250 n.
838 3197 876 3249 ed.
891 3198 961 3249 Paris
974 3204 1041 3250 test.

315 3279 366 3340 (tei
383 3277 477 3331 Etenim
489 3278 514 3327 lu
527 3279 675 3342 praelatione
685 3279 718 3329 ad
735 3281 797 3329 banc
808 3279 918 3342 quintam
933 3278 1064 3328 editionem
1077 3291 1117 3327 en.
1134 3282 1200 3328 tesi.
1213 3278 1358 3342 compendii

245 3357 365 3406 tractatus
379 3356 410 3406 de
424 3356 582 3423 matrimonio
599 3358 672 3409 refert
687 3358 754 3409 rarle
771 3359 890 3420 rescripta
909 3354 1058 3419 prodiisses
1074 3355 1132 3407 sede
1147 3357 1282 3420 apostolice
1295 3361 1357 3421 post

247 3432 336 3496 prioris
351 3433 432 3496 operis
447 3435 485 3484 sui
504 3435 691 3498 publicationem
702 3437 733 3487 de
744 3438 792 3487 boo
804 3437 946 3498 argumento
959 3434 1050 3498 quibus
1060 3449 1122 3485 rom.
1136 3432 1279 3498 pontificum
1290 3449 1361 3489 meus

246 3508 371 3559 declarate
386 3513 463 3574 magis
476 3516 596 3577 remago
609 3516 735 3577 aetatulae
750 3515 889 3578 praemissis
902 3528 923 3563 s.
938 3513 1073 3563 innocentii
1087 3517 1105 3564 l.
1117 3513 1199 3563 verbis
1211 3528 1241 3564 ex
1253 3513 1357 3577 epistola

248 3587 280 3638 ed
295 3589 427 3640 concilium
443 3592 653 3655 cambaginieuse,
664 3594 732 3657 quod
748 3607 762 3643 a
779 3597 863 3647 sancta
878 3593 936 3643 sedo
950 3607 1050 3644 romena
1070 3592 1162 3643 «velot
1175 3593 1206 3645 de
1222 3594 1296 3645 nauli
1311 3607 1358 3644 uuo

246 3667 314 3716 loute
328 3680 407 3730 equae
422 3671 525 3718 eunome
541 3671 713 3734 procederent,
724 3675 747 3720 et
757 3685 799 3734 per
809 3672 918 3722 diversas
927 3672 1003 3720 totius
1014 3670 1099 3721 mundi
1113 3673 1221 3734 regiones
1235 3673 1290 3735 puri
1304 3671 1358 3723 lati·

247 3757 288 3818 ῳ
296 3747 383 3810 cepitis
398 3746 534 3809 incorrupti
550 3748 712 3811 manareul',»
722 3748 757 3799 lta
766 3750 889 3812 praeclare
899 3750 998 3800 subdit:
1015 3751 1104 3800 «Nous
1112 3763 1189 3799 avons
1200 3751 1252 3813 pris
1264 3750 1360 3802 scinde

247 3826 377 3887 risormer
391 3840 438 3878 noe
448 3827 562 3890 opinions
577 3829 635 3891 des,
651 3843 770 3894 quenous
780 3843 856 3879 arona
866 3844 914 3893 vu,
931 3831 1033 3893 qu’eilea
1045 3829 1212 3894 u’ttnientpas
1224 3843 1292 3881 asses
1301 3843 1360 3882 oon·

249 3908 339 3958 lormea
354 3921 402 3958 aux
419 3908 548 3959 traditione
564 3908 597 3958 du
614 3908 679 3973 siege
690 3910 850 3974 apostolique.
864 3912 931 3960 ltous
945 3910 1038 3961 derons
1050 3910 1114 3960 douc
1127 3910 1219 3960 avertir
1229 3909 1253 3960 le
1268 3909 1361 3961 lecteur

249 3985 282 4038 de
297 3986 408 4038 modifler
421 4001 450 4038 ca
464 4001 513 4052 que
527 4003 543 4038 e
558 3989 597 4039 ete
612 3988 650 4039 dit
665 3989 727 4039 dans
742 3992 812 4040 notre
822 3989 900 4053 grand
911 4003 997 4052 coare,
1009 3992 1035 4040 et
1045 3989 1107 4039 dans
1121 3989 1155 4040 ies
1169 3989 1299 4052 premeres
1309 3989 1362 4039 edi·

248 4066 315 4116 tiens
329 4067 360 4116 de
378 4069 448 4117 notre
463 4068 555 4132 Abrtge
570 4067 666 4132 d'eprds
680 4083 709 4120 oe
724 4082 772 4133 que
788 4082 849 4120 noua
869 4070 1015 4132 consignans
1034 4069 1097 4119 dans
1116 4082 1144 4119 te
1163 4069 1359 4133 compendium.

248 4145 275 4197 Sl
294 4157 357 4196 neus
376 4148 463 4198 avions
484 4161 572 4200 encore
591 4148 662 4200 inisse
684 4149 804 4213 eohapper
818 4151 834 4200 i
849 4153 919 4200 notre
933 4149 1052 4199 attention
1071 4149 1178 4211 quelque
1198 4149 1267 4212 point
1285 4148 1362 4198 d'une

248 4225 360 4277 doctrine
375 4227 457 4278 moins
472 4229 627 4293 approuvee,
640 4243 672 4279 ou
689 4229 769 4279 molus
778 4230 903 4280 conlorme
912 4229 927 4278 i
936 4230 959 4278 la
975 4229 1008 4279 loi
1023 4228 1053 4279 de
1063 4227 1169 4291 l’eglise,
1179 4241 1241 4278 nous
1257 4228 1364 4278 rooloas

249 4305 323 4370 qn'oo
339 4307 362 4358 le
377 4309 459 4359 tienne
475 4323 537 4374 poor
552 4309 594 4359 nul
607 4330 619 4353 ι
638 4323 661 4359 v.
677 4311 785 4360 linteam
802 4317 840 4360 υ.
858 4312 933 4370 ianr„
946 4312 1012 4359 teti.
