<?xml version="1.0" encoding="UTF-8"?>
<!DOCTYPE html PUBLIC "-//W3C//DTD XHTML 1.0 Transitional//EN"
    "http://www.w3.org/TR/xhtml1/DTD/xhtml1-transitional.dtd">
<html xmlns="http://www.w3.org/1999/xhtml" xml:lang="en" lang="en">
 <head>
  <title>
</title>
<meta http-equiv="Content-Type" content="text/html;charset=utf-8" />
  <meta name='ocr-system' content='tesseract 3.04.00' />
  <meta name='ocr-capabilities' content='ocr_page ocr_carea ocr_par ocr_line ocrx_word'/>
</head>
<body>
  <div class='ocr_page' id='page_1' title='image "./dematrimoniochr02perrgoog_0433.png"; bbox 0 0 2804 5062; ppageno 0'>
   <div class='ocr_carea' id='block_1_1' title="bbox 232 364 1144 439">
    <p class='ocr_par' dir='ltr' id='par_1_1' title="bbox 232 364 1144 439">
     <span class='ocr_line' id='line_1_1' title="bbox 232 364 1144 439; baseline -0.011 0"><span class='ocrx_word' id='word_1_1' title='bbox 232 364 303 439; x_wconf 70' lang='lat'><strong>1³8</strong></span> <span class='ocrx_word' id='word_1_2' title='bbox 424 383 486 436; x_wconf 86' lang='lat' dir='ltr'><strong>rm.</strong></span> <span class='ocrx_word' id='word_1_3' title='bbox 506 381 543 435; x_wconf 91' lang='lat' dir='ltr'><strong>n.</strong></span> <span class='ocrx_word' id='word_1_4' title='bbox 563 378 650 435; x_wconf 82' lang='lat' dir='ltr'><strong>secr.</strong></span> <span class='ocrx_word' id='word_1_5' title='bbox 669 378 801 433; x_wconf 77' lang='lat' dir='ltr'><strong>mrum.</strong></span> <span class='ocrx_word' id='word_1_6' title='bbox 821 379 863 432; x_wconf 85' lang='lat' dir='ltr'><strong>nr</strong></span> <span class='ocrx_word' id='word_1_7' title='bbox 887 378 1012 433; x_wconf 74' lang='lat' dir='ltr'><strong>norm.</strong></span> <span class='ocrx_word' id='word_1_8' title='bbox 1032 378 1144 433; x_wconf 79' lang='lat' dir='ltr'><strong>cunr.</strong></span> 
     </span>
    </p>
   </div>
   <div class='ocr_carea' id='block_1_2' title="bbox 229 499 1337 950">
    <p class='ocr_par' dir='ltr' id='par_1_2' title="bbox 229 499 1337 950">
     <span class='ocr_line' id='line_1_2' title="bbox 305 499 1334 605; baseline -0.004 -28"><span class='ocrx_word' id='word_1_9' title='bbox 305 501 465 605; x_wconf 78' lang='lat' dir='ltr'><strong>Reliquus</strong></span> <span class='ocrx_word' id='word_1_10' title='bbox 489 500 574 577; x_wconf 90' lang='lat' dir='ltr'><strong>duas</strong></span> <span class='ocrx_word' id='word_1_11' title='bbox 599 499 803 577; x_wconf 72' lang='lat' dir='ltr'><strong>assertiones</strong></span> <span class='ocrx_word' id='word_1_12' title='bbox 826 524 894 575; x_wconf 93' lang='lat' dir='ltr'><strong>non</strong></span> <span class='ocrx_word' id='word_1_13' title='bbox 917 523 1049 587; x_wconf 85' lang='lat' dir='ltr'><strong>moror,</strong></span> <span class='ocrx_word' id='word_1_14' title='bbox 1074 523 1154 574; x_wconf 89' lang='lat' dir='ltr'><strong>oum</strong></span> <span class='ocrx_word' id='word_1_15' title='bbox 1179 523 1250 575; x_wconf 88' lang='lat' dir='ltr'><strong>uon</strong></span> <span class='ocrx_word' id='word_1_16' title='bbox 1273 499 1334 574; x_wconf 86' lang='lat' dir='ltr'><strong>sint</strong></span> 
     </span>
     <span class='ocr_line' id='line_1_3' title="bbox 230 611 1334 718; baseline -0.009 -21"><span class='ocrx_word' id='word_1_17' title='bbox 230 618 298 697; x_wconf 88' lang='lat' dir='ltr'><strong>nisi</strong></span> <span class='ocrx_word' id='word_1_18' title='bbox 318 616 532 718; x_wconf 76' lang='lat' dir='ltr'><strong>repetitiones</strong></span> <span class='ocrx_word' id='word_1_19' title='bbox 551 615 703 691; x_wconf 85' lang='lat' dir='ltr'><strong>eiusdem</strong></span> <span class='ocrx_word' id='word_1_20' title='bbox 719 613 872 690; x_wconf 80' lang='lat' dir='ltr'><strong>crambes</strong></span> <span class='ocrx_word' id='word_1_21' title='bbox 884 612 972 688; x_wconf 78' lang='lat' dir='ltr'><strong>deri</strong></span> <span class='ocrx_word' id='word_1_22' title='bbox 985 613 1137 689; x_wconf 77' lang='lat' dir='ltr'><strong>coactiva</strong></span> <span class='ocrx_word' id='word_1_23' title='bbox 1155 611 1334 700; x_wconf 87' lang='lat' dir='ltr'><strong>eoolesiao;</strong></span> 
     </span>
     <span class='ocr_line' id='line_1_4' title="bbox 230 727 1337 837; baseline -0.006 -26"><span class='ocrx_word' id='word_1_24' title='bbox 230 761 293 811; x_wconf 90' lang='lat' dir='ltr'><strong>nec</strong></span> <span class='ocrx_word' id='word_1_25' title='bbox 317 733 503 837; x_wconf 84' lang='lat' dir='ltr'><strong>quidquem</strong></span> <span class='ocrx_word' id='word_1_26' title='bbox 526 731 602 807; x_wconf 89' lang='lat' dir='ltr'><strong>dico</strong></span> <span class='ocrx_word' id='word_1_27' title='bbox 625 732 669 807; x_wconf 88' lang='lat' dir='ltr'><strong>do</strong></span> <span class='ocrx_word' id='word_1_28' title='bbox 693 731 837 830; x_wconf 78' lang='lat' dir='ltr'><strong>grutuita</strong></span> <span class='ocrx_word' id='word_1_29' title='bbox 866 727 925 804; x_wconf 90' lang='lat' dir='ltr'><strong>illa</strong></span> <span class='ocrx_word' id='word_1_30' title='bbox 953 728 1202 817; x_wconf 86' lang='lat' dir='ltr'><strong>affirmatione,</strong></span> <span class='ocrx_word' id='word_1_31' title='bbox 1239 729 1337 804; x_wconf 83' lang='lat' dir='ltr'><strong>immo</strong></span> 
     </span>
     <span class='ocr_line' id='line_1_5' title="bbox 229 842 1337 950; baseline -0.009 -22"><span class='ocrx_word' id='word_1_32' title='bbox 229 850 331 939; x_wconf 86' lang='lat' dir='ltr'><strong>ialsa,</strong></span> <span class='ocrx_word' id='word_1_33' title='bbox 351 848 442 950; x_wconf 92' lang='lat' dir='ltr'><strong>quod</strong></span> <span class='ocrx_word' id='word_1_34' title='bbox 458 874 582 948; x_wconf 79' lang='lat' dir='ltr'><strong>semper</strong></span> <span class='ocrx_word' id='word_1_35' title='bbox 605 873 728 922; x_wconf 89' lang='lat' dir='ltr'><strong>causas</strong></span> <span class='ocrx_word' id='word_1_36' title='bbox 750 844 1014 921; x_wconf 73' lang='lat' dir='ltr'><strong>matrimoniales</strong></span> <span class='ocrx_word' id='word_1_37' title='bbox 1029 844 1075 919; x_wconf 86' lang='lat' dir='ltr'><strong>ad</strong></span> <span class='ocrx_word' id='word_1_38' title='bbox 1091 842 1282 919; x_wconf 83' lang='lat' dir='ltr'><strong>tribunalia</strong></span> <span class='ocrx_word' id='word_1_39' title='bbox 1293 845 1337 918; x_wconf 90' lang='lat' dir='ltr'><strong>ci·</strong></span> 
     </span>
    </p>
   </div>
   <div class='ocr_carea' id='block_1_3' title="bbox 188 958 1337 4287">
    <p class='ocr_par' dir='ltr' id='par_1_3' title="bbox 188 958 1337 1730">
     <span class='ocr_line' id='line_1_6' title="bbox 229 958 1337 1065; baseline -0.009 -23"><span class='ocrx_word' id='word_1_40' title='bbox 229 964 312 1042; x_wconf 78' lang='lat' dir='ltr'><strong>uilia</strong></span> <span class='ocrx_word' id='word_1_41' title='bbox 335 964 533 1065; x_wconf 83' lang='lat' dir='ltr'><strong>spectarint,</strong></span> <span class='ocrx_word' id='word_1_42' title='bbox 552 988 630 1037; x_wconf 90' lang='lat' dir='ltr'><strong>cum</strong></span> <span class='ocrx_word' id='word_1_43' title='bbox 645 961 759 1037; x_wconf 82' lang='lat' dir='ltr'><strong>diuers</strong></span> <span class='ocrx_word' id='word_1_44' title='bbox 773 959 947 1035; x_wconf 83' lang='lat' dir='ltr'><strong>debuisset</strong></span> <span class='ocrx_word' id='word_1_45' title='bbox 962 985 1160 1059; x_wconf 63' lang='lat' dir='ltr'><strong>numquam</strong></span> <span class='ocrx_word' id='word_1_46' title='bbox 1180 958 1245 1033; x_wconf 89' lang='lat' dir='ltr'><strong>ssd</strong></span> <span class='ocrx_word' id='word_1_47' title='bbox 1260 958 1337 1033; x_wconf 89' lang='lat' dir='ltr'><strong>dura</strong></span> 
     </span>
     <span class='ocr_line' id='line_1_7' title="bbox 188 1073 1337 1175; baseline -0.006 -22"><span class='ocrx_word' id='word_1_48' title='bbox 188 1073 193 1081; x_wconf 70' lang='grc'>’</span> <span class='ocrx_word' id='word_1_49' title='bbox 229 1078 322 1154; x_wconf 84' lang='lat' dir='ltr'><strong>irone</strong></span> <span class='ocrx_word' id='word_1_50' title='bbox 339 1104 405 1153; x_wconf 93' lang='lat' dir='ltr'><strong>non</strong></span> <span class='ocrx_word' id='word_1_51' title='bbox 422 1076 601 1152; x_wconf 88' lang='lat' dir='ltr'><strong>erubescit.</strong></span> <span class='ocrx_word' id='word_1_52' title='bbox 621 1074 677 1149; x_wconf 91' lang='lat' dir='ltr'><strong>Sic</strong></span> <span class='ocrx_word' id='word_1_53' title='bbox 692 1075 794 1150; x_wconf 88' lang='lat' dir='ltr'><strong>stiam</strong></span> <span class='ocrx_word' id='word_1_54' title='bbox 812 1073 904 1175; x_wconf 89' lang='lat' dir='ltr'><strong>quod</strong></span> <span class='ocrx_word' id='word_1_55' title='bbox 924 1073 1042 1149; x_wconf 91' lang='lat' dir='ltr'><strong>adiioit</strong></span> <span class='ocrx_word' id='word_1_56' title='bbox 1055 1073 1101 1149; x_wconf 84' lang='lat' dir='ltr'><strong>ds</strong></span> <span class='ocrx_word' id='word_1_57' title='bbox 1121 1073 1337 1174; x_wconf 83' lang='lat' dir='ltr'><strong>usurpatione</strong></span> 
     </span>
     <span class='ocr_line' id='line_1_8' title="bbox 229 1188 1333 1275; baseline -0.005 -5"><span class='ocrx_word' id='word_1_58' title='bbox 229 1192 392 1270; x_wconf 87' lang='lat' dir='ltr'><strong>ecclesias</strong></span> <span class='ocrx_word' id='word_1_59' title='bbox 406 1190 615 1267; x_wconf 84' lang='lat' dir='ltr'><strong>tenebricoso</strong></span> <span class='ocrx_word' id='word_1_60' title='bbox 631 1190 743 1266; x_wconf 88' lang='lat' dir='ltr'><strong>medio</strong></span> <span class='ocrx_word' id='word_1_61' title='bbox 759 1215 841 1266; x_wconf 83' lang='lat' dir='ltr'><strong>aevo</strong></span> <span class='ocrx_word' id='word_1_62' title='bbox 857 1216 924 1265; x_wconf 94' lang='lat' dir='ltr'><strong>non</strong></span> <span class='ocrx_word' id='word_1_63' title='bbox 940 1204 993 1265; x_wconf 86' lang='lat' dir='ltr'><strong>est</strong></span> <span class='ocrx_word' id='word_1_64' title='bbox 1007 1189 1085 1265; x_wconf 88' lang='lat' dir='ltr'><strong>eius</strong></span> <span class='ocrx_word' id='word_1_65' title='bbox 1101 1188 1333 1275; x_wconf 77' lang='lat' dir='ltr'><strong>adinventum,</strong></span> 
     </span>
     <span class='ocr_line' id='line_1_9' title="bbox 229 1303 1336 1407; baseline -0.006 -23"><span class='ocrx_word' id='word_1_66' title='bbox 229 1307 290 1384; x_wconf 87' lang='lat' dir='ltr'><strong>sod</strong></span> <span class='ocrx_word' id='word_1_67' title='bbox 314 1306 503 1407; x_wconf 85' lang='lat' dir='ltr'><strong>desumpsit</strong></span> <span class='ocrx_word' id='word_1_68' title='bbox 526 1333 568 1382; x_wconf 86' lang='lat' dir='ltr'><strong>ex</strong></span> <span class='ocrx_word' id='word_1_69' title='bbox 591 1308 757 1396; x_wconf 83' lang='lat' dir='ltr'><strong>launoio,</strong></span> <span class='ocrx_word' id='word_1_70' title='bbox 784 1307 844 1407; x_wconf 86' lang='lat' dir='ltr'><strong>qui</strong></span> <span class='ocrx_word' id='word_1_71' title='bbox 869 1331 931 1381; x_wconf 91' lang='lat' dir='ltr'><strong>suo</strong></span> <span class='ocrx_word' id='word_1_72' title='bbox 953 1303 1073 1379; x_wconf 90' lang='lat' dir='ltr'><strong>ordino</strong></span> <span class='ocrx_word' id='word_1_73' title='bbox 1089 1303 1336 1404; x_wconf 85' lang='lat' dir='ltr'><strong>desumpsitsx</strong></span> 
     </span>
     <span class='ocr_line' id='line_1_10' title="bbox 228 1417 1336 1525; baseline -0.009 -24"><span class='ocrx_word' id='word_1_74' title='bbox 228 1436 382 1525; x_wconf 83' lang='lat' dir='ltr'><strong>apostata</strong></span> <span class='ocrx_word' id='word_1_75' title='bbox 405 1422 653 1512; x_wconf 75' lang='lat' dir='ltr'><strong>bellonime,</strong></span> <span class='ocrx_word' id='word_1_76' title='bbox 680 1449 721 1498; x_wconf 86' lang='lat' dir='ltr'><strong>ex</strong></span> <span class='ocrx_word' id='word_1_77' title='bbox 745 1421 870 1524; x_wconf 86' lang='lat' dir='ltr'><strong>quibus</strong></span> <span class='ocrx_word' id='word_1_78' title='bbox 895 1419 1055 1520; x_wconf 85' lang='lat' dir='ltr'><strong>deinceps</strong></span> <span class='ocrx_word' id='word_1_79' title='bbox 1081 1417 1144 1493; x_wconf 90' lang='lat' dir='ltr'><strong>alii</strong></span> <span class='ocrx_word' id='word_1_80' title='bbox 1172 1419 1336 1520; x_wconf 75' lang='lat' dir='ltr'><strong>exscripe</strong></span> 
     </span>
     <span class='ocr_line' id='line_1_11' title="bbox 229 1532 1335 1637; baseline -0.003 -24"><span class='ocrx_word' id='word_1_81' title='bbox 229 1553 324 1628; x_wconf 82' lang='lat' dir='ltr'><strong>rant,</strong></span> <span class='ocrx_word' id='word_1_82' title='bbox 343 1564 386 1615; x_wconf 92' lang='lat' dir='ltr'><strong>ac</strong></span> <span class='ocrx_word' id='word_1_83' title='bbox 404 1537 611 1637; x_wconf 79' lang='lat' dir='ltr'><strong>ingeminare</strong></span> <span class='ocrx_word' id='word_1_84' title='bbox 635 1564 701 1613; x_wconf 94' lang='lat' dir='ltr'><strong>non</strong></span> <span class='ocrx_word' id='word_1_85' title='bbox 726 1536 947 1626; x_wconf 86' lang='lat' dir='ltr'><strong>erubuerunt,</strong></span> <span class='ocrx_word' id='word_1_86' title='bbox 967 1551 1005 1611; x_wconf 95' lang='lat' dir='ltr'><strong>ut</strong></span> <span class='ocrx_word' id='word_1_87' title='bbox 1019 1532 1106 1611; x_wconf 88' lang='lat' dir='ltr'><strong>alias</strong></span> <span class='ocrx_word' id='word_1_88' title='bbox 1129 1533 1335 1612; x_wconf 78' lang='lat' dir='ltr'><strong>animaduor-</strong></span> 
     </span>
     <span class='ocr_line' id='line_1_12' title="bbox 228 1652 346 1730; baseline 0.008 -1"><span class='ocrx_word' id='word_1_89' title='bbox 228 1652 346 1730; x_wconf 90' lang='lat' dir='ltr'><strong>timus.</strong></span> 
     </span>
    </p>

    <p class='ocr_par' dir='ltr' id='par_1_4' title="bbox 196 1764 1336 3248">
     <span class='ocr_line' id='line_1_13' title="bbox 196 1764 1334 1870; baseline -0.001 -29"><span class='ocrx_word' id='word_1_90' title='bbox 196 1805 199 1811; x_wconf 96' lang='lat'><em>·</em></span> <span class='ocrx_word' id='word_1_91' title='bbox 300 1768 359 1844; x_wconf 85' lang='lat' dir='ltr'><strong>Sic</strong></span> <span class='ocrx_word' id='word_1_92' title='bbox 380 1793 491 1870; x_wconf 84' lang='lat' dir='ltr'><strong>neque</strong></span> <span class='ocrx_word' id='word_1_93' title='bbox 513 1793 636 1844; x_wconf 84' lang='lat' dir='ltr'><strong>nouum</strong></span> <span class='ocrx_word' id='word_1_94' title='bbox 660 1769 735 1844; x_wconf 85' lang='lat' dir='ltr'><strong>eius</strong></span> <span class='ocrx_word' id='word_1_95' title='bbox 758 1785 812 1846; x_wconf 87' lang='lat' dir='ltr'><strong>est</strong></span> <span class='ocrx_word' id='word_1_96' title='bbox 834 1770 1026 1856; x_wconf 79' lang='lat' dir='ltr'><strong>inuentum,</strong></span> <span class='ocrx_word' id='word_1_97' title='bbox 1043 1766 1139 1868; x_wconf 88' lang='lat' dir='ltr'><strong>qood</strong></span> <span class='ocrx_word' id='word_1_98' title='bbox 1156 1767 1284 1868; x_wconf 79' lang='lat' dir='ltr'><strong>repetit</strong></span> <span class='ocrx_word' id='word_1_99' title='bbox 1297 1764 1334 1839; x_wconf 89' lang='lat' dir='ltr'><strong>od</strong></span> 
     </span>
     <span class='ocr_line' id='line_1_14' title="bbox 228 1869 1332 1968; baseline -0.003 -9"><span class='ocrx_word' id='word_1_100' title='bbox 228 1882 393 1959; x_wconf 86' lang='lat' dir='ltr'><strong>obiectam</strong></span> <span class='ocrx_word' id='word_1_101' title='bbox 414 1885 553 1960; x_wconf 78' lang='lat' dir='ltr'><strong>canorus</strong></span> <span class='ocrx_word' id='word_1_102' title='bbox 568 1884 644 1957; x_wconf 74' lang='grc' dir='ltr'><strong>ΧΠ.</strong></span> <span class='ocrx_word' id='word_1_103' title='bbox 663 1884 837 1959; x_wconf 86' lang='lat' dir='ltr'><strong>tridentini</strong></span> <span class='ocrx_word' id='word_1_104' title='bbox 859 1869 1089 1960; x_wconf 87' lang='lat' dir='ltr'><strong>anctoritatem</strong></span> <span class='ocrx_word' id='word_1_105' title='bbox 1111 1880 1332 1968; x_wconf 85' lang='lat' dir='ltr'><strong>eludendam,</strong></span> 
     </span>
     <span class='ocr_line' id='line_1_15' title="bbox 227 1997 1335 2100; baseline 0 -27"><span class='ocrx_word' id='word_1_106' title='bbox 227 2022 349 2100; x_wconf 88' lang='lat' dir='ltr'><strong>nempe</strong></span> <span class='ocrx_word' id='word_1_107' title='bbox 368 2014 427 2073; x_wconf 89' lang='lat' dir='ltr'><strong>aut</strong></span> <span class='ocrx_word' id='word_1_108' title='bbox 448 1998 545 2074; x_wconf 91' lang='lat' dir='ltr'><strong>illum</strong></span> <span class='ocrx_word' id='word_1_109' title='bbox 570 2024 638 2074; x_wconf 92' lang='lat' dir='ltr'><strong>non</strong></span> <span class='ocrx_word' id='word_1_110' title='bbox 661 2024 740 2074; x_wconf 87' lang='lat' dir='ltr'><strong>osse</strong></span> <span class='ocrx_word' id='word_1_111' title='bbox 762 1998 1006 2097; x_wconf 74' lang='lat' dir='ltr'><strong>dogmaticum,</strong></span> <span class='ocrx_word' id='word_1_112' title='bbox 1028 2013 1129 2098; x_wconf 90' lang='lat' dir='ltr'><strong>prout</strong></span> <span class='ocrx_word' id='word_1_113' title='bbox 1152 1997 1335 2073; x_wconf 82' lang='lat' dir='ltr'><strong>affirmare·</strong></span> 
     </span>
     <span class='ocr_line' id='line_1_16' title="bbox 228 2110 1336 2215; baseline -0.001 -28"><span class='ocrx_word' id='word_1_114' title='bbox 228 2126 281 2187; x_wconf 90' lang='lat' dir='ltr'><strong>rat</strong></span> <span class='ocrx_word' id='word_1_115' title='bbox 304 2110 348 2187; x_wconf 92' lang='lat' dir='ltr'><strong>de</strong></span> <span class='ocrx_word' id='word_1_116' title='bbox 370 2137 499 2188; x_wconf 89' lang='lat' dir='ltr'><strong>canons</strong></span> <span class='ocrx_word' id='word_1_117' title='bbox 514 2113 568 2187; x_wconf 83' lang='lat' dir='ltr'><strong>IV.</strong></span> <span class='ocrx_word' id='word_1_118' title='bbox 586 2129 645 2189; x_wconf 89' lang='lat' dir='ltr'><strong>aut</strong></span> <span class='ocrx_word' id='word_1_119' title='bbox 668 2112 762 2215; x_wconf 91' lang='lat' dir='ltr'><strong>loqui</strong></span> <span class='ocrx_word' id='word_1_120' title='bbox 787 2111 967 2189; x_wconf 92' lang='lat' dir='ltr'><strong>concilium</strong></span> <span class='ocrx_word' id='word_1_121' title='bbox 992 2111 1028 2184; x_wconf 94' lang='lat' dir='ltr'><strong>in</strong></span> <span class='ocrx_word' id='word_1_122' title='bbox 1053 2136 1118 2186; x_wconf 88' lang='lat' dir='ltr'><strong>sno</strong></span> <span class='ocrx_word' id='word_1_123' title='bbox 1143 2136 1277 2190; x_wconf 88' lang='lat' dir='ltr'><strong>canone</strong></span> <span class='ocrx_word' id='word_1_124' title='bbox 1299 2112 1336 2186; x_wconf 91' lang='lat' dir='ltr'><strong>do</strong></span> 
     </span>
     <span class='ocr_line' id='line_1_17' title="bbox 227 2226 1336 2330; baseline 0.001 -28"><span class='ocrx_word' id='word_1_125' title='bbox 227 2234 295 2302; x_wconf 84' lang='lat' dir='ltr'><strong>usu</strong></span> <span class='ocrx_word' id='word_1_126' title='bbox 314 2226 477 2304; x_wconf 90' lang='lat' dir='ltr'><strong>ooolesias</strong></span> <span class='ocrx_word' id='word_1_127' title='bbox 495 2234 539 2304; x_wconf 83' lang='lat' dir='ltr'><strong>ex</strong></span> <span class='ocrx_word' id='word_1_128' title='bbox 558 2229 776 2305; x_wconf 83' lang='lat' dir='ltr'><strong>concessione</strong></span> <span class='ocrx_word' id='word_1_129' title='bbox 798 2228 903 2303; x_wconf 79' lang='lat' dir='ltr'><strong>cirili.</strong></span> <span class='ocrx_word' id='word_1_130' title='bbox 921 2226 1096 2330; x_wconf 87' lang='lat' dir='ltr'><strong>Siquidem</strong></span> <span class='ocrx_word' id='word_1_131' title='bbox 1112 2242 1150 2303; x_wconf 90' lang='lat' dir='ltr'><strong>et</strong></span> <span class='ocrx_word' id='word_1_132' title='bbox 1163 2228 1254 2305; x_wconf 81' lang='lat' dir='ltr'><strong>huso</strong></span> <span class='ocrx_word' id='word_1_133' title='bbox 1268 2256 1336 2303; x_wconf 90' lang='lat' dir='ltr'><strong>mu·</strong></span> 
     </span>
     <span class='ocr_line' id='line_1_18' title="bbox 228 2343 1332 2445; baseline 0.002 -28"><span class='ocrx_word' id='word_1_134' title='bbox 228 2356 343 2418; x_wconf 87' lang='lat' dir='ltr'><strong>tuatus</strong></span> <span class='ocrx_word' id='word_1_135' title='bbox 366 2359 420 2420; x_wconf 86' lang='lat' dir='ltr'><strong>est</strong></span> <span class='ocrx_word' id='word_1_136' title='bbox 440 2344 552 2445; x_wconf 72' lang='lat' dir='ltr'><strong>Nupta</strong></span> <span class='ocrx_word' id='word_1_137' title='bbox 575 2369 597 2418; x_wconf 92' lang='lat' dir='ltr'><strong>a</strong></span> <span class='ocrx_word' id='word_1_138' title='bbox 619 2343 791 2442; x_wconf 78' lang='lat' dir='ltr'><strong>magistris</strong></span> <span class='ocrx_word' id='word_1_139' title='bbox 810 2343 889 2420; x_wconf 82' lang='lat' dir='ltr'><strong>suis</strong></span> <span class='ocrx_word' id='word_1_140' title='bbox 913 2358 1067 2445; x_wconf 89' lang='lat' dir='ltr'><strong>apostata</strong></span> <span class='ocrx_word' id='word_1_141' title='bbox 1085 2343 1138 2417; x_wconf 85' lang='lat' dir='ltr'><strong>Do</strong></span> <span class='ocrx_word' id='word_1_142' title='bbox 1152 2343 1332 2431; x_wconf 72' lang='lat' dir='ltr'><strong>Dominis,</strong></span> 
     </span>
     <span class='ocr_line' id='line_1_19' title="bbox 231 2455 1334 2561; baseline 0 -29"><span class='ocrx_word' id='word_1_143' title='bbox 231 2473 266 2533; x_wconf 90' lang='lat' dir='ltr'><strong>st</strong></span> <span class='ocrx_word' id='word_1_144' title='bbox 281 2455 408 2534; x_wconf 73' lang='lat' dir='ltr'><strong>latratu</strong></span> <span class='ocrx_word' id='word_1_145' title='bbox 426 2456 603 2534; x_wconf 89' lang='lat' dir='ltr'><strong>lutherauo</strong></span> <span class='ocrx_word' id='word_1_146' title='bbox 618 2459 782 2547; x_wconf 76' lang='lat' dir='ltr'><strong>launoio,</strong></span> <span class='ocrx_word' id='word_1_147' title='bbox 803 2485 945 2561; x_wconf 90' lang='lat' dir='ltr'><strong>quorum</strong></span> <span class='ocrx_word' id='word_1_148' title='bbox 963 2458 1168 2535; x_wconf 85' lang='lat' dir='ltr'><strong>fidissimum</strong></span> <span class='ocrx_word' id='word_1_149' title='bbox 1184 2477 1334 2536; x_wconf 87' lang='lat' dir='ltr'><strong>constan·</strong></span> 
     </span>
     <span class='ocr_line' id='line_1_20' title="bbox 227 2573 1332 2674; baseline 0.002 -28"><span class='ocrx_word' id='word_1_150' title='bbox 227 2588 278 2646; x_wconf 89' lang='lat' dir='ltr'><strong>ter</strong></span> <span class='ocrx_word' id='word_1_151' title='bbox 301 2573 505 2674; x_wconf 89' lang='lat' dir='ltr'><strong>discipulum</strong></span> <span class='ocrx_word' id='word_1_152' title='bbox 529 2601 568 2648; x_wconf 90' lang='lat' dir='ltr'><strong>se</strong></span> <span class='ocrx_word' id='word_1_153' title='bbox 593 2574 740 2649; x_wconf 85' lang='lat' dir='ltr'><strong>exhibet.</strong></span> <span class='ocrx_word' id='word_1_154' title='bbox 764 2575 854 2651; x_wconf 74' lang='lat' dir='ltr'><strong>licet</strong></span> <span class='ocrx_word' id='word_1_155' title='bbox 876 2602 955 2651; x_wconf 80' lang='lat' dir='ltr'><strong>uero</strong></span> <span class='ocrx_word' id='word_1_156' title='bbox 978 2575 1014 2649; x_wconf 93' lang='lat' dir='ltr'><strong>in</strong></span> <span class='ocrx_word' id='word_1_157' title='bbox 1038 2573 1116 2650; x_wconf 86' lang='lat' dir='ltr'><strong>aliis</strong></span> <span class='ocrx_word' id='word_1_158' title='bbox 1142 2575 1332 2673; x_wconf 79' lang='lat' dir='ltr'><strong>regionibus</strong></span> 
     </span>
     <span class='ocr_line' id='line_1_21' title="bbox 227 2686 1334 2790; baseline 0.002 -29"><span class='ocrx_word' id='word_1_159' title='bbox 227 2686 354 2761; x_wconf 91' lang='lat' dir='ltr'><strong>iamdiu</strong></span> <span class='ocrx_word' id='word_1_160' title='bbox 378 2688 463 2763; x_wconf 89' lang='lat' dir='ltr'><strong>baec</strong></span> <span class='ocrx_word' id='word_1_161' title='bbox 483 2689 723 2778; x_wconf 80' lang='lat' dir='ltr'><strong>obsoleverint,</strong></span> <span class='ocrx_word' id='word_1_162' title='bbox 744 2691 819 2790; x_wconf 89' lang='lat' dir='ltr'><strong>ipse</strong></span> <span class='ocrx_word' id='word_1_163' title='bbox 835 2706 945 2765; x_wconf 68' lang='lat' dir='ltr'><strong>umen</strong></span> <span class='ocrx_word' id='word_1_164' title='bbox 962 2690 1074 2765; x_wconf 91' lang='lat' dir='ltr'><strong>adhuc</strong></span> <span class='ocrx_word' id='word_1_165' title='bbox 1090 2689 1245 2765; x_wconf 91' lang='lat' dir='ltr'><strong>obtrudit</strong></span> <span class='ocrx_word' id='word_1_166' title='bbox 1260 2691 1334 2765; x_wconf 89' lang='lat' dir='ltr'><strong>snb-</strong></span> 
     </span>
     <span class='ocr_line' id='line_1_22' title="bbox 228 2800 1335 2906; baseline 0.003 -29"><span class='ocrx_word' id='word_1_167' title='bbox 228 2800 366 2902; x_wconf 87' lang='lat' dir='ltr'><strong>alpinis.</strong></span> <span class='ocrx_word' id='word_1_168' title='bbox 394 2800 547 2876; x_wconf 79' lang='lat' dir='ltr'><strong>Attamen</strong></span> <span class='ocrx_word' id='word_1_169' title='bbox 572 2820 750 2904; x_wconf 88' lang='lat' dir='ltr'><strong>utrumque</strong></span> <span class='ocrx_word' id='word_1_170' title='bbox 774 2823 940 2881; x_wconf 88' lang='lat' dir='ltr'><strong>assertum</strong></span> <span class='ocrx_word' id='word_1_171' title='bbox 965 2804 1086 2879; x_wconf 85' lang='lat' dir='ltr'><strong>salsum</strong></span> <span class='ocrx_word' id='word_1_172' title='bbox 1104 2819 1174 2894; x_wconf 88' lang='lat' dir='ltr'><strong>est,</strong></span> <span class='ocrx_word' id='word_1_173' title='bbox 1195 2822 1236 2879; x_wconf 93' lang='lat' dir='ltr'><strong>ut</strong></span> <span class='ocrx_word' id='word_1_174' title='bbox 1252 2821 1335 2906; x_wconf 86' lang='lat' dir='ltr'><strong>patet</strong></span> 
     </span>
     <span class='ocr_line' id='line_1_23' title="bbox 226 2916 1333 2996; baseline 0.003 -4"><span class='ocrx_word' id='word_1_175' title='bbox 226 2943 269 2992; x_wconf 85' lang='lat' dir='ltr'><strong>ex</strong></span> <span class='ocrx_word' id='word_1_176' title='bbox 287 2943 429 2992; x_wconf 88' lang='lat' dir='ltr'><strong>censura</strong></span> <span class='ocrx_word' id='word_1_177' title='bbox 454 2917 519 2992; x_wconf 90' lang='lat' dir='ltr'><strong>sub</strong></span> <span class='ocrx_word' id='word_1_178' title='bbox 543 2936 621 2994; x_wconf 92' lang='lat' dir='ltr'><strong>nota</strong></span> <span class='ocrx_word' id='word_1_179' title='bbox 646 2916 836 2995; x_wconf 73' lang='lat' dir='ltr'><strong>hoereticoli</strong></span> <span class='ocrx_word' id='word_1_180' title='bbox 858 2923 986 2996; x_wconf 81' lang='lat' dir='ltr'><strong>inflictu</strong></span> <span class='ocrx_word' id='word_1_181' title='bbox 1002 2948 1023 2995; x_wconf 91' lang='lat' dir='ltr'><strong>a</strong></span> <span class='ocrx_word' id='word_1_182' title='bbox 1041 2921 1098 2994; x_wconf 86' lang='lat' dir='ltr'><strong>Pio</strong></span> <span class='ocrx_word' id='word_1_183' title='bbox 1114 2921 1170 2993; x_wconf 85' lang='lat' dir='ltr'><strong>vt.</strong></span> <span class='ocrx_word' id='word_1_184' title='bbox 1185 2921 1225 2994; x_wconf 90' lang='lat' dir='ltr'><strong>in</strong></span> <span class='ocrx_word' id='word_1_185' title='bbox 1242 2922 1333 2996; x_wconf 89' lang='lat' dir='ltr'><strong>toties</strong></span> 
     </span>
     <span class='ocr_line' id='line_1_24' title="bbox 227 3031 1332 3138; baseline 0.005 -32"><span class='ocrx_word' id='word_1_186' title='bbox 227 3031 328 3107; x_wconf 91' lang='lat' dir='ltr'><strong>citata</strong></span> <span class='ocrx_word' id='word_1_187' title='bbox 345 3032 580 3108; x_wconf 89' lang='lat' dir='ltr'><strong>constitutione</strong></span> <span class='ocrx_word' id='word_1_188' title='bbox 592 3035 757 3108; x_wconf 81' lang='lat' dir='ltr'><strong>Auctorem</strong></span> <span class='ocrx_word' id='word_1_189' title='bbox 773 3035 851 3136; x_wconf 78' lang='lat' dir='ltr'><strong>fidei</strong></span> <span class='ocrx_word' id='word_1_190' title='bbox 865 3035 1077 3136; x_wconf 77' lang='lat' dir='ltr'><strong>propple.</strong></span> <span class='ocrx_word' id='word_1_191' title='bbox 1090 3035 1203 3110; x_wconf 81' lang='lat' dir='ltr'><strong>sth.</strong></span> <span class='ocrx_word' id='word_1_192' title='bbox 1216 3034 1332 3138; x_wconf 81' lang='lat' dir='ltr'><strong>synodi</strong></span> 
     </span>
     <span class='ocr_line' id='line_1_25' title="bbox 230 3148 455 3248; baseline 0.004 -28"><span class='ocrx_word' id='word_1_193' title='bbox 230 3148 455 3248; x_wconf 88' lang='lat' dir='ltr'><strong>pistoriensis.</strong></span> 
     </span>
    </p>

    <p class='ocr_par' dir='ltr' id='par_1_5' title="bbox 212 3263 1333 4287">
     <span class='ocr_line' id='line_1_26' title="bbox 299 3263 1333 3367; baseline 0.003 -31"><span class='ocrx_word' id='word_1_194' title='bbox 299 3264 366 3337; x_wconf 88' lang='lat' dir='ltr'><strong>Sed</strong></span> <span class='ocrx_word' id='word_1_195' title='bbox 391 3263 482 3365; x_wconf 93' lang='lat' dir='ltr'><strong>quod</strong></span> <span class='ocrx_word' id='word_1_196' title='bbox 506 3265 627 3339; x_wconf 89' lang='lat' dir='ltr'><strong>mirum</strong></span> <span class='ocrx_word' id='word_1_197' title='bbox 653 3282 723 3353; x_wconf 81' lang='lat' dir='ltr'><strong>est,</strong></span> <span class='ocrx_word' id='word_1_198' title='bbox 754 3266 914 3341; x_wconf 80' lang='lat' dir='ltr'><strong>refellitur</strong></span> <span class='ocrx_word' id='word_1_199' title='bbox 937 3269 1046 3367; x_wconf 84' lang='lat' dir='ltr'><strong>Nuytz</strong></span> <span class='ocrx_word' id='word_1_200' title='bbox 1069 3265 1214 3366; x_wconf 91' lang='lat' dir='ltr'><strong>abipso</strong></span> <span class='ocrx_word' id='word_1_201' title='bbox 1236 3266 1333 3341; x_wconf 83' lang='lat' dir='ltr'><strong>Paulo</strong></span> 
     </span>
     <span class='ocr_line' id='line_1_27' title="bbox 225 3379 1333 3482; baseline 0.002 -31"><span class='ocrx_word' id='word_1_202' title='bbox 225 3379 365 3480; x_wconf 85' lang='lat' dir='ltr'><strong>Sarpio,</strong></span> <span class='ocrx_word' id='word_1_203' title='bbox 395 3380 454 3479; x_wconf 91' lang='lat' dir='ltr'><strong>qui</strong></span> <span class='ocrx_word' id='word_1_204' title='bbox 480 3380 514 3452; x_wconf 95' lang='lat' dir='ltr'><strong>in</strong></span> <span class='ocrx_word' id='word_1_205' title='bbox 544 3406 607 3455; x_wconf 85' lang='lat' dir='ltr'><strong>sua</strong></span> <span class='ocrx_word' id='word_1_206' title='bbox 632 3380 774 3455; x_wconf 89' lang='lat' dir='ltr'><strong>historia</strong></span> <span class='ocrx_word' id='word_1_207' title='bbox 798 3380 931 3455; x_wconf 90' lang='lat' dir='ltr'><strong>concilii</strong></span> <span class='ocrx_word' id='word_1_208' title='bbox 963 3380 1133 3455; x_wconf 89' lang='lat' dir='ltr'><strong>tridentini</strong></span> <span class='ocrx_word' id='word_1_209' title='bbox 1159 3407 1222 3482; x_wconf 91' lang='lat' dir='ltr'><strong>pro</strong></span> <span class='ocrx_word' id='word_1_210' title='bbox 1247 3405 1333 3455; x_wconf 90' lang='lat' dir='ltr'><strong>more</strong></span> 
     </span>
     <span class='ocr_line' id='line_1_28' title="bbox 225 3494 1331 3595; baseline 0.002 -27"><span class='ocrx_word' id='word_1_211' title='bbox 225 3519 308 3582; x_wconf 89' lang='lat' dir='ltr'><strong>suo,</strong></span> <span class='ocrx_word' id='word_1_212' title='bbox 325 3494 436 3568; x_wconf 88' lang='lat' dir='ltr'><strong>alieno</strong></span> <span class='ocrx_word' id='word_1_213' title='bbox 449 3521 506 3569; x_wconf 90' lang='lat' dir='ltr'><strong>ore</strong></span> <span class='ocrx_word' id='word_1_214' title='bbox 517 3522 657 3595; x_wconf 88' lang='lat' dir='ltr'><strong>carpens</strong></span> <span class='ocrx_word' id='word_1_215' title='bbox 680 3496 894 3571; x_wconf 88' lang='lat' dir='ltr'><strong>definitiones</strong></span> <span class='ocrx_word' id='word_1_216' title='bbox 912 3523 933 3571; x_wconf 93' lang='lat' dir='ltr'><strong>a</strong></span> <span class='ocrx_word' id='word_1_217' title='bbox 952 3495 1093 3571; x_wconf 90' lang='lat' dir='ltr'><strong>concilio</strong></span> <span class='ocrx_word' id='word_1_218' title='bbox 1110 3495 1241 3584; x_wconf 86' lang='lat' dir='ltr'><strong>editus,</strong></span> <span class='ocrx_word' id='word_1_219' title='bbox 1260 3520 1331 3570; x_wconf 91' lang='lat' dir='ltr'><strong>cum</strong></span> 
     </span>
     <span class='ocr_line' id='line_1_29' title="bbox 225 3607 1333 3710; baseline 0 -28"><span class='ocrx_word' id='word_1_220' title='bbox 225 3607 435 3708; x_wconf 84' lang='lat' dir='ltr'><strong>pervenitad</strong></span> <span class='ocrx_word' id='word_1_221' title='bbox 455 3635 529 3682; x_wconf 91' lang='lat' dir='ltr'><strong>can.</strong></span> <span class='ocrx_word' id='word_1_222' title='bbox 546 3611 619 3681; x_wconf 84' lang='lat' dir='ltr'><strong>XII.</strong></span> <span class='ocrx_word' id='word_1_223' title='bbox 637 3610 770 3684; x_wconf 87' lang='lat' dir='ltr'><strong>scribit:</strong></span> <span class='ocrx_word' id='word_1_224' title='bbox 790 3610 1004 3684; x_wconf 73' lang='lat' dir='ltr'><strong>«Absurdum</strong></span> <span class='ocrx_word' id='word_1_225' title='bbox 1023 3609 1128 3684; x_wconf 89' lang='lat' dir='ltr'><strong>luisse</strong></span> <span class='ocrx_word' id='word_1_226' title='bbox 1145 3610 1260 3684; x_wconf 80' lang='lat' dir='ltr'><strong>visum</strong></span> <span class='ocrx_word' id='word_1_227' title='bbox 1278 3635 1333 3710; x_wconf 92' lang='lat' dir='ltr'><strong>po-</strong></span> 
     </span>
     <span class='ocr_line' id='line_1_30' title="bbox 225 3721 1331 3825; baseline 0.004 -30"><span class='ocrx_word' id='word_1_228' title='bbox 225 3721 326 3799; x_wconf 90' lang='lat' dir='ltr'><strong>liticis</strong></span> <span class='ocrx_word' id='word_1_229' title='bbox 356 3724 510 3797; x_wconf 75' lang='lat' dir='ltr'><strong>constitui</strong></span> <span class='ocrx_word' id='word_1_230' title='bbox 533 3725 708 3798; x_wconf 83' lang='lat' dir='ltr'><strong>articulum</strong></span> <span class='ocrx_word' id='word_1_231' title='bbox 732 3724 836 3825; x_wconf 75' lang='lat' dir='ltr'><strong>fidei,</strong></span> <span class='ocrx_word' id='word_1_232' title='bbox 869 3752 991 3800; x_wconf 86' lang='lat' dir='ltr'><strong>causas</strong></span> <span class='ocrx_word' id='word_1_233' title='bbox 1015 3725 1059 3798; x_wconf 92' lang='lat' dir='ltr'><strong>ad</strong></span> <span class='ocrx_word' id='word_1_234' title='bbox 1084 3725 1331 3800; x_wconf 90' lang='lat' dir='ltr'><strong>matrimonium</strong></span> 
     </span>
     <span class='ocr_line' id='line_1_31' title="bbox 224 3840 1331 3940; baseline 0.001 -27"><span class='ocrx_word' id='word_1_235' title='bbox 224 3856 416 3940; x_wconf 78' lang='lat' dir='ltr'><strong>spectantes</strong></span> <span class='ocrx_word' id='word_1_236' title='bbox 442 3841 606 3940; x_wconf 86' lang='lat' dir='ltr'><strong>pertinere</strong></span> <span class='ocrx_word' id='word_1_237' title='bbox 623 3840 666 3912; x_wconf 89' lang='lat' dir='ltr'><strong>ad</strong></span> <span class='ocrx_word' id='word_1_238' title='bbox 685 3842 812 3914; x_wconf 89' lang='lat' dir='ltr'><strong>iudices</strong></span> <span class='ocrx_word' id='word_1_239' title='bbox 834 3842 1079 3916; x_wconf 88' lang='lat' dir='ltr'><strong>ecclesiasticos</strong></span> <span class='ocrx_word' id='word_1_240' title='bbox 1096 3842 1331 3939; x_wconf 75' lang='lat' dir='ltr'><strong>(163).»Ergo</strong></span> 
     </span>
     <span class='ocr_line' id='line_1_32' title="bbox 225 3954 1328 4056; baseline -0.002 -27"><span class='ocrx_word' id='word_1_241' title='bbox 225 3978 301 4029; x_wconf 85' lang='lat' dir='ltr'><strong>cum</strong></span> <span class='ocrx_word' id='word_1_242' title='bbox 325 3954 381 4028; x_wconf 93' lang='lat' dir='ltr'><strong>hic</strong></span> <span class='ocrx_word' id='word_1_243' title='bbox 406 3981 513 4029; x_wconf 89' lang='lat' dir='ltr'><strong>canon</strong></span> <span class='ocrx_word' id='word_1_244' title='bbox 534 3955 644 4029; x_wconf 85' lang='lat' dir='ltr'><strong>editus</strong></span> <span class='ocrx_word' id='word_1_245' title='bbox 667 3973 739 4044; x_wconf 87' lang='lat' dir='ltr'><strong>est,</strong></span> <span class='ocrx_word' id='word_1_246' title='bbox 764 3955 918 4030; x_wconf 90' lang='lat' dir='ltr'><strong>omnibus</strong></span> <span class='ocrx_word' id='word_1_247' title='bbox 937 3981 1135 4056; x_wconf 90' lang='lat' dir='ltr'><strong>persuasum</strong></span> <span class='ocrx_word' id='word_1_248' title='bbox 1156 3955 1328 4030; x_wconf 77' lang='lat' dir='ltr'><strong>fritillum</strong></span> 
     </span>
     <span class='ocr_line' id='line_1_33' title="bbox 212 4068 1328 4171; baseline 0.003 -29"><span class='ocrx_word' id='word_1_249' title='bbox 212 4093 302 4165; x_wconf 62' lang='lat' dir='ltr'><strong>⁴esse</strong></span> <span class='ocrx_word' id='word_1_250' title='bbox 325 4068 424 4169; x_wconf 90' lang='lat' dir='ltr'><strong>plane</strong></span> <span class='ocrx_word' id='word_1_251' title='bbox 448 4070 691 4168; x_wconf 66' lang='lat' dir='ltr'><strong>dogmaticum</strong></span> <span class='ocrx_word' id='word_1_252' title='bbox 720 4072 885 4170; x_wconf 92' lang='lat' dir='ltr'><strong>quomodo</strong></span> <span class='ocrx_word' id='word_1_253' title='bbox 910 4071 1013 4169; x_wconf 82' lang='lat' dir='ltr'><strong>igitur</strong></span> <span class='ocrx_word' id='word_1_254' title='bbox 1036 4085 1154 4171; x_wconf 91' lang='lat' dir='ltr'><strong>postea</strong></span> <span class='ocrx_word' id='word_1_255' title='bbox 1179 4088 1328 4145; x_wconf 87' lang='lat' dir='ltr'><strong>naturam</strong></span> 
     </span>
     <span class='ocr_line' id='line_1_34' title="bbox 225 4182 1329 4287; baseline -0.003 -27"><span class='ocrx_word' id='word_1_256' title='bbox 225 4182 431 4273; x_wconf 81' lang='lat' dir='ltr'><strong>immutarit,</strong></span> <span class='ocrx_word' id='word_1_257' title='bbox 460 4199 498 4258; x_wconf 92' lang='lat' dir='ltr'><strong>ut</strong></span> <span class='ocrx_word' id='word_1_258' title='bbox 522 4185 675 4261; x_wconf 85' lang='lat' dir='ltr'><strong>evaderet</strong></span> <span class='ocrx_word' id='word_1_259' title='bbox 699 4185 954 4287; x_wconf 79' lang='lat' dir='ltr'><strong>disciplinaris?</strong></span> <span class='ocrx_word' id='word_1_260' title='bbox 975 4185 1138 4259; x_wconf 85' lang='lat' dir='ltr'><strong>Rursum:</strong></span> <span class='ocrx_word' id='word_1_261' title='bbox 1166 4184 1329 4287; x_wconf 88' lang='lat' dir='ltr'><strong>quomodo</strong></span> 
     </span>
    </p>
   </div>
   <div class='ocr_carea' id='block_1_4' title="bbox 297 4337 1250 4407">
    <p class='ocr_par' dir='ltr' id='par_1_6' title="bbox 297 4337 1250 4407">
     <span class='ocr_line' id='line_1_35' title="bbox 297 4337 1250 4407; baseline 0.003 -19"><span class='ocrx_word' id='word_1_262' title='bbox 297 4338 361 4401; x_wconf 82' lang='lat' dir='ltr'><strong>(tes)</strong></span> <span class='ocrx_word' id='word_1_263' title='bbox 376 4337 414 4389; x_wconf 88' lang='lat' dir='ltr'><strong>ct.</strong></span> <span class='ocrx_word' id='word_1_264' title='bbox 427 4338 493 4407; x_wconf 84' lang='lat' dir='ltr'><strong>apud</strong></span> <span class='ocrx_word' id='word_1_265' title='bbox 504 4340 645 4391; x_wconf 77' lang='lat' dir='ltr'><strong>Pattarietn.</strong></span> <span class='ocrx_word' id='word_1_266' title='bbox 659 4343 728 4392; x_wconf 76' lang='lat' dir='ltr'><strong>mot.</strong></span> <span class='ocrx_word' id='word_1_267' title='bbox 738 4352 811 4393; x_wconf 80' lang='lat' dir='ltr'><strong>coss.</strong></span> <span class='ocrx_word' id='word_1_268' title='bbox 825 4339 889 4394; x_wconf 76' lang='lat' dir='ltr'><strong>mo.</strong></span> <span class='ocrx_word' id='word_1_269' title='bbox 899 4338 945 4392; x_wconf 84' lang='lat' dir='ltr'><strong>lib.</strong></span> <span class='ocrx_word' id='word_1_270' title='bbox 955 4341 1106 4407; x_wconf 59' lang='lat' dir='ltr'><strong>ulttrap.</strong></span> <span class='ocrx_word' id='word_1_271' title='bbox 1115 4341 1158 4393; x_wconf 76' lang='lat' dir='ltr'><strong>tx.</strong></span> <span class='ocrx_word' id='word_1_272' title='bbox 1171 4352 1197 4392; x_wconf 88' lang='lat' dir='ltr'><strong>n.</strong></span> <span class='ocrx_word' id='word_1_273' title='bbox 1211 4347 1250 4392; x_wconf 88' lang='lat' dir='ltr'><strong>tt.</strong></span> 
     </span>
    </p>
   </div>
   <div class='ocr_carea' id='block_1_5' title="bbox 0 0 1406 5062">
    <p class='ocr_par' dir='ltr' id='par_1_7' title="bbox 0 0 1406 5062">
     <span class='ocr_line' id='line_1_36' title="bbox 0 0 1406 5062; baseline 0 1"><span class='ocrx_word' id='word_1_274' title='bbox 0 0 1406 5062; x_wconf 95' lang='lat' dir='ltr'><strong> </strong></span> 
     </span>
    </p>
   </div>
  </div>
 </body>
</html>
