2804 5062
138 352 1072 416 aamercort.normanna.taruannenrauarn.
1127 346 1168 416 91

74 474 220 573 coniugio
251 473 336 548 inito
367 499 445 547 cum
477 473 590 576 aliquo
620 475 870 577 impedimento.
904 479 953 552 lta
985 480 1097 557 seculo
1127 483 1167 556 X.

69 589 217 678 ineunte,
241 615 364 690 nempe
387 616 443 663 an.
466 591 548 662 906.
576 591 712 689 Sergius
733 592 791 664 lll.
820 593 1073 692 dispensatione
1090 624 1172 675 usus

66 704 259 805 perhibetur
275 731 356 804 erga
371 703 605 806 imperatorem
621 731 777 804 graecum
795 708 936 783 Leonem
954 728 1174 809 cognomento

63 821 266 921 sapientem,
287 819 346 921 qui
365 834 480 895 contra
496 819 771 895 consuetudinem
794 838 828 896 et
848 848 992 899 canones
1009 825 1172 903 ecclesiae

60 962 198 1038 graecae
210 934 349 1036 nuptias
362 960 438 1008 cum
447 933 686 1037 impedimento
695 938 995 1035 consanguinitatis
1009 940 1044 1013 in
1053 957 1174 1041 quarto

58 1053 162 1152 gradu
188 1065 401 1127 enumerat
420 1052 509 1147 (lt).
531 1049 631 1125 Aliud
652 1052 839 1154 exemplum
858 1054 893 1127 in
915 1055 1057 1155 imperio
1082 1059 1171 1132 occi-

59 1166 185 1243 dentali
202 1165 361 1268 praebuit
376 1165 534 1265 Nicolaus
554 1165 597 1239 ll.
617 1166 697 1240 dum
716 1182 823 1243 ratum
840 1168 965 1250 habuit
975 1171 1168 1271 coniugium

58 1285 176 1358 initum
192 1310 216 1357 a
233 1280 410 1357 Guillelmo
427 1283 618 1358 Normanno
635 1309 712 1357 cum
733 1284 869 1360 llatilde
881 1285 1055 1361 Baldovini
1073 1286 1169 1362 Flan·
1208 1272 1212 1287 ¹

58 1398 151 1475 driac
166 1399 307 1475 comitis
324 1396 396 1475 lilia
413 1423 489 1475 cum
507 1425 575 1499 qua
592 1398 627 1473 in
644 1400 740 1476 tertio
757 1400 864 1501 gradu
880 1402 1078 1478 coniunctus
1099 1420 1171 1479 erat

59 1513 384 1614 consanguinitatis,
398 1514 605 1615 vetitumque
618 1515 653 1588 id
670 1515 757 1616 ipsis
775 1515 880 1591 lucrm
898 1543 919 1593 a
939 1543 968 1591 s.
984 1518 1092 1593 Leone
1110 1518 1165 1595 lx.

60 1629 163 1731 quue
188 1629 360 1730 praestitit
388 1627 545 1704 Nicolaus
568 1628 613 1704 ob
637 1629 847 1705 imminentia
865 1629 955 1705 bella
974 1631 1061 1706 inter
1080 1627 1167 1706 llan-

60 1744 146 1821 dn'os
167 1761 205 1820 et
221 1770 443 1835 normannos,
462 1743 654 1845 damnaque
670 1744 859 1846 spiritualia
884 1746 919 1818 in
944 1745 1097 1821 subditos
1119 1748 1167 1823 in·

61 1861 234 1960 mentia,
263 1860 323 1935 sed
345 1886 386 1935 ea
415 1861 626 1949 conditione,
655 1877 693 1935 ut
716 1887 778 1961 pro
808 1860 972 1936 eiusmodi
999 1887 1165 1957 canonum

61 1975 265 2050 wdone
289 1974 357 2050 duo
378 1974 636 2050 exaedificarent
651 1975 810 2073 coniuges
826 1975 1048 2064 monasteria,
1070 1991 1168 2076 prout

60 2091 171 2192 reipsa
202 2088 249 2164 ab
282 2088 368 2190 ipsis
396 2088 519 2165 lactum
547 2087 686 2164 Cadomi
714 2087 937 2162 Normanniae
959 2089 1049 2165 ‘urbe
1075 2092 1163 2188 (Π).

121 2207 181 2282 Sic
198 2205 303 2301 edam
323 2203 497 2280 Paschalis
511 2205 554 2279 ll.
575 2231 630 2279 an.
653 2205 759 2277 troo.
785 2203 889 2278 lertur
905 2203 1017 2307 aliquo
1037 2205 1101 2280 sub
1118 2231 1167 2281 re·

58 2339 172 2424 spectu
188 2320 363 2397 relaxam
386 2346 462 2396 cum
487 2319 645 2421 Philippo
664 2321 690 2392 l.
717 2319 917 2395 Francorum
944 2346 1038 2420 rege3
1053 2321 1167 2407 istius

57 2442 142 2515 enirn
159 2438 361 2537 coniugium
378 2462 455 2511 curn
465 2436 623 2511 Bertrada
639 2434 769 2509 irritum
789 2434 993 2511 declaratum
1007 2435 1115 2510 luerat
1131 2435 1165 2509 in

56 2554 197 2632 concilio
211 2552 432 2654 pictaviensi,
444 2568 550 2653 ⁶atque
569 2579 610 2627 ea
629 2550 672 2625 de
692 2577 795 2627 causa
813 2552 1165 2627 excommunicationis

55 2669 240 2746 aenwndee
257 2694 279 2742 a
295 2667 464 2770 pontilicis
481 2666 600 2765 legatis
617 2667 763 2741 indictae
789 2666 887 2742 ambo
912 2683 1009 2742 erant
1030 2662 1165 2744 obnoxii

56 2786 117 2861 nisi
134 2782 340 2860 abinvicem
353 2797 605 2882 separarentur,
620 2796 718 2882 prout
731 2807 768 2855 se
785 2780 931 2857 lecturos
950 2780 1166 2856 iureiurando

55 2897 254 3000 interposito
279 2894 420 2996 polliciti
443 2910 522 2971 sunt
545 2894 581 2967 in
606 2892 746 2969 concilio
772 2893 953 2994 parisiensi
975 2921 1032 2969 an.
1054 2896 1161 2968 1105.

56 3013 111 3090 lst
132 3039 239 3101 roro,
266 3027 305 3086 ut
327 3028 444 3111 postca
465 3009 711 3112 expendemus,
741 3035 795 3084 res
822 3025 874 3084 est
896 3008 994 3085 valde
1019 3010 1163 3095 incerta;

55 3156 112 3205 nec
135 3125 359 3204 verisimilius
383 3126 614 3227 dispensatum
639 3140 690 3199 est
714 3125 802 3223 (ts).

130 3243 172 3318 ld
198 3243 313 3344 ipsum
336 3241 547 3342 praestitisse
571 3239 798 3342 praesumitur
822 3237 1011 3313 Alexander
1033 3238 1093 3311 lll.
1121 3237 1165 3310 ad

56 3358 332 3435 intercessionem
350 3357 437 3432 Petri
455 3355 617 3432 Cellensis
636 3372 792 3455 respectu
817 3351 990 3427 Guisoardi
1013 3352 1166 3426 ruzeien·

57 3474 101 3549 sis
126 3490 163 3549 et
193 3473 328 3548 comitis
362 3472 529 3561 recensis,
561 3488 662 3573 atque
694 3469 845 3569 lingonis
878 3469 1162 3570 petripontensis,

58 3592 109 3690 qui
134 3591 224 3663 inter
240 3615 279 3662 se
304 3587 606 3687 consanguinitatis
629 3586 736 3685 gradu
759 3585 927 3660 coniuncti
952 3602 1068 3674 erant,
1088 3584 1166 3686 qui·

58 3729 119 3804 qne
134 3704 358 3779 rlnterventu
372 3701 507 3776 tandem
523 3700 704 3789 bonorum,
723 3700 833 3800 inquit
845 3701 962 3774 Petrus
980 3698 1163 3785 cellensis,

59 3835 87 3893 ct
106 3819 300 3919 sapientum
324 3831 357 3891 et
378 3815 629 3916 religiosorum,
649 3815 860 3890 matrimonia
878 3814 964 3888 inter
982 3838 1019 3887 se
1036 3827 1165 3887 contra·

119 4076 172 4138 (ra)
186 4073 226 4147 ‚⁰s·
240 4087 282 4139 ap.
295 4072 364 4123 card.
376 4075 425 4127 llai
442 4074 469 4126 in
482 4075 619 4141 Splctleetc
637 4086 703 4126 rom.
714 4077 775 4126 tom.
791 4077 821 4125 x.
834 4073 881 4125 Ast
889 4072 915 4123 et
926 4071 975 4123 lroo
987 4070 1107 4123 incertum
1118 4072 1167 4133 est,

59 4150 96 4202 sod
111 4151 193 4217 potins
207 4151 292 4203 ιάιιιιι
307 4152 345 4203 est
360 4150 391 4204 dc
403 4154 498 4217 emrtis
513 4153 621 4218 nuptlls,
635 4154 665 4204 ut
678 4167 724 4204 sno
739 4153 794 4203 loon
809 4150 956 4203 vldehlmus.

120 4231 171 4295 (ιη
185 4230 346 4283 &wantiam
363 4246 397 4298 op
414 4233 458 4285 clt.
475 4236 510 4285 u
528 4236 610 4287 storto
627 4233 683 4285 ldae
701 4231 870 4285 roddrtzanta
885 4245 940 4297 pag.
959 4235 999 4282 ⁰7.

120 4312 171 4375 (aa)
186 4311 226 4364 cl.
238 4314 321 4365 umen
336 4312 416 4366 narn.
428 4312 498 4369 tlon.
509 4314 581 4383 not,
591 4310 681 4367 coclea
693 4314 719 4365 tn
733 4326 797 4366 sees.
810 4313 853 4365 xl.
866 4311 955 4365 etxlt.
968 4311 1059 4377 crull.
1073 4310 1118 4360 nrt.
1134 4310 1165 4360 11.
