2804 5062
114 363 296 420 enarrans
310 366 372 417 cru.
386 366 699 419 rornsrnnrucrur.
714 367 1066 419 annuntiarentur.
1110 344 1176 417 tta

68 505 119 563 ost
144 488 314 588 principes
338 484 492 560 infideles
517 512 626 585 neque
650 485 741 583 leges
767 487 921 562 sanxisse
942 487 985 560 ad
1002 486 1175 561 vinculum

68 603 288 689 irritandum,
317 626 426 701 neque
452 600 486 673 id
512 601 645 674 elfioere
670 601 834 700 potuisse.

137 719 275 805 Verum,
301 716 333 789 si
359 715 406 789 ita
431 732 497 802 est,
526 714 615 788 dicet
640 715 836 815 quispiam,
864 740 932 815 quo
948 715 1083 789 tandem
1104 731 1177 789 ten·

64 832 191 907 debant
215 848 262 906 tot
287 831 366 905 illae
387 842 539 905 'veterum
564 831 656 927 leges
685 831 810 930 quibus
832 831 1054 905 'matrimonia
1081 829 1174 905 nulla

63 944 350 1021 declarabantur?
370 945 460 1032 Quid
494 945 551 1018 liet
578 946 621 1018 de
651 945 916 1046 iurisprudentia
944 971 1104 1034 romana,
1137 945 1172 1017 in

62 1089 132 1162 qua
156 1088 224 1136 non
248 1062 349 1162 pauci
374 1059 461 1134 tituli
486 1060 530 1133 de
554 1060 681 1158 nuptiis
708 1059 946 1160 reperiuntur?

135 1178 187 1251 llo
198 1176 296 1249 unica
313 1174 514 1261 tendebant,
533 1191 571 1247 nt
587 1200 699 1247 coram
718 1174 791 1271 lege
803 1175 1006 1250 haberentur
1021 1176 1070 1250 uti
1084 1175 1176 1257 nulla

62 1294 96 1364 et
108 1289 285 1388 illegitima
296 1289 466 1386 coniugia,
483 1289 622 1388 perinde
636 1289 719 1362 acsi
733 1316 906 1390 nunquam
925 1292 1071 1365 luissent
1090 1291 1177 1371 cele,-

61 1405 173 1479 bruta.
198 1405 251 1478 lta
276 1406 512 1479 contrahentes
542 1403 784 1503 puniebantur,
813 1406 988 1483 effectibus
1017 1403 1176 1491 ciuilibus

61 1519 349 1609 destituebantur,
381 1519 493 1618 proles
519 1535 558 1592 ut
582 1519 758 1616 illegitima
782 1520 992 1610 habebatur,¹
1011 1522 1083 1596 iure
1108 1541 1176 1604 non

62 1634 237 1708 furebatur
260 1634 504 1722 baereditatis,
531 1634 676 1735 aliisque
698 1635 892 1732 privabatur
906 1635 1018 1709 bonis.
1039 1635 1173 1711 Scilicet

61 1751 256 1850 afficiebant
267 1751 438 1851 principes
455 1750 588 1854 legibus
600 1751 674 1824 suis
687 1751 878 1847 coniugium
893 1777 983 1824 mere
995 1750 1107 1838 civile,
1122 1750 1171 1823 uti

60 1892 153 1958 nunc
160 1866 253 1940 'solet
262 1867 463 1967 nuncupari,
476 1866 588 1965 quoad
601 1892 682 1940 suos
695 1882 847 1940 externos
861 1866 1017 1954 ellectusj
1033 1882 1068 1940 at
1080 1867 1174 1940 nulla
1246 1893 1252 1907 ·

59 1981 192 2055 ratione
214 1981 386 2055 uinculum
405 1981 517 2080 ipsum
535 1981 758 2078 attingebant,
775 1981 820 2054 ita
837 1998 875 2054 ut
892 1982 927 2053 in
944 2007 982 2056 se
1001 1983 1173 2063 matrimo-

59 2098 157 2171 nium
184 2096 259 2171 sive
275 2095 432 2170 ,ualidum
460 2096 660 2183 redderent,
690 2096 762 2171 sive
793 2096 991 2169 invalidum.
1018 2097 1173 2171 Adsum

59 2236 184 2312 nempe
196 2211 351 2300 modum,
366 2239 434 2312 quo
447 2238 537 2285 nunc
554 2212 654 2284 etiam
670 2212 704 2282 in
718 2210 888 2284 nonnullis
901 2197 1172 2308 legislationibus

56 2325 319 2401 christianorum
345 2325 619 2411 matrimonium,
640 2324 908 2424 praescindendo
927 2324 972 2398 ab
989 2342 1067 2400 actu
1092 2325 1171 2400 reli-

58 2442 174 2539 gisam
203 2456 302 2540 prout
327 2440 527 2540 loquuntur,
554 2463 667 2511 coram
692 2438 766 2534 lege
790 2437 976 2534 legitimum
994 2453 1052 2512 aut
1069 2439 1174 2537 illegi'·

57 2558 196 2643 amam,-
226 2554 333 2652 legale
357 2570 416 2626 aut
444 2554 595 2651 illegale,
626 2552 773 2626 validum
803 2569 861 2627 aut
889 2553 1073 2628 inualidum
1102 2555 1171 2630 dici

54 2670 153 2744 solet.
164 2670 286 2742 Verum
299 2668 364 2743 boc
376 2696 443 2743 non
456 2669 572 2755 officit,
588 2667 770 2767 quominus
785 2668 820 2738 in
833 2668 982 2742 interiori
1000 2670 1172 2744 conscien-

56 2784 124 2859 tiae
153 2784 225 2859 loro
255 2783 392 2884 aliquod
425 2784 643 2879 coniugium,
676 2782 767 2881 quod
798 2783 927 2856 nullum
953 2811 1014 2859 seu
1040 2786 1170 2860 irritum

56 2913 211 3000 respectu
237 2899 321 2996 legis
348 2898 511 2985 babetur,
537 2897 687 2972 validum
706 2897 741 2969 in
760 2924 797 2971 se
813 2925 997 2999 verumque
1022 2902 1067 2975 sit
1091 2928 1171 2975 con·

57 3015 207 3113 iugium,
240 3040 280 3088 ac
310 3016 482 3089 uiceversa
516 3015 646 3086 irritum
682 3040 819 3113 prorsus
845 3017 954 3096 sitae
984 3017 1169 3091 inualidum

55 3130 144 3204 illud
169 3131 281 3230 ipsum
306 3130 523 3227 coniugium,
552 3130 643 3227 quod
668 3128 852 3225 legitimum
879 3157 920 3203 ac
942 3130 1092 3203 validum
1117 3147 1170 3205 est

55 3260 214 3345 respectu
238 3244 323 3341 legis
349 3243 470 3318 ciuilis.

128 3358 271 3445 Quodsi
286 3360 369 3433 lorte
383 3359 417 3429 in
431 3358 507 3456 ipso
520 3357 745 3432 conscientiae
762 3358 832 3432 loro
851 3358 944 3431 irrita
962 3359 1168 3460 quandoque

52 3475 189 3547 luerunt
213 3473 383 3547 connubia
407 3499 495 3572 quac
519 3499 540 3545 a
565 3473 655 3545 civili
681 3472 755 3570 lege
785 3473 1001 3561 vetabantur,
1037 3475 1073 3546 id
1100 3502 1167 3549 non

52 3590 199 3677 accidit,
228 3605 266 3682 ut
290 3588 391 3689 paulo
416 3605 493 3662 ante
512 3588 768 3675 admonuimus,
788 3589 823 3662 vi
840 3589 949 3663 ciuilis
973 3589 1076 3687 legis,
1105 3591 1167 3664 sed

49 3705 83 3777 ri
102 3704 189 3801 legis
207 3703 371 3776 naturalis
389 3729 490 3802 quam
508 3704 617 3778 civilis
636 3704 688 3776 lex
705 3703 897 3778 declarabat
914 3721 1015 3805 atque
1040 3707 1168 3780 sancie-

47 3819 109 3892 bat
117 3822 250 3914 (16);at
266 3818 360 3891 irrita
378 3844 444 3893 non
462 3818 607 3892 luissent
623 3818 801 3906 connubia,
819 3820 848 3891 si
867 3845 908 3892 ea
925 3821 1163 3919 impedimenta

48 3961 118 4008 non
144 3934 289 4008 luissent
305 3933 406 4008 simul
424 3934 608 4019 naturalia,
630 3934 689 4006 sed
707 3959 798 4005 mere
820 3935 943 4007 civilia.
962 3935 1060 4009 Nulla
1078 3938 1162 4010 haec

47 4049 209 4147 coniugia
224 4049 325 4124 etiam
344 4049 499 4136 luissent,
511 4050 575 4124 etsi
588 4048 641 4122 lex
653 4049 765 4124 civilis
783 4076 822 4123 ea
840 4076 905 4125 non
919 4051 1159 4151 prohibuisset.

121 4252 172 4316 (to)
188 4253 327 4306 secutanda
345 4256 426 4306 aaran
444 4258 502 4306 sunt
520 4266 584 4317 quae
605 4253 678 4319 paulo
695 4258 751 4307 autc
769 4256 986 4309 animadvertimus
1004 4259 1069 4310 circa
1092 4261 1154 4311 hanc

42 4331 247 4384 declarationem.
391 4337 393 4342 '

112 4418 138 4474 ll
916 4391 920 4398 ¹
1081 4434 1117 4484 29
