2804 5062
231 391 303 441 mr.
325 391 348 441 ι.
371 389 446 441 orn.
468 388 540 439 ιιιιι
558 389 684 441 rorrsr.
706 390 833 443 noctes.
849 392 920 443 mr.
941 394 989 444 ιιι.
1121 376 1162 446 st

55 511 202 611 aliasque
222 507 467 609 proprietates:
489 508 568 582 item
591 509 681 583 circa
705 535 888 609 personas,
910 538 998 612 qnae
1014 513 1058 587 ud
1077 515 1167 591 hune
1206 580 1209 586 .

53 642 255 701 contractum
268 624 380 699 valide
395 624 432 697 in
445 623 593 698 eundum
606 623 739 699 habiles
751 644 811 700 aut
822 627 991 702 inhabiles
1012 656 1078 705 non
1096 633 1167 704 exi·
1198 614 1208 640 ²

56 758 186 816 sterent.
205 741 293 814 Gen.
311 740 355 811 ll.
373 741 775 814 28.Levitio.xvl1-Xx.
792 743 889 816 Deut.
906 744 977 815 XX.
991 746 1162 832 22,26....

56 858 134 932 llinc
150 857 410 931 matrimonium
435 883 456 929 a
481 883 510 930 s.
534 856 662 931 Thomu
687 873 878 931 contractus
899 861 1085 958 spiritualis
1107 886 1168 962 ap·

53 974 212 1074 pellatur3
227 1031 234 1043 .
248 1031 278 1044 ..
296 972 378 1045 hinc
395 998 530 1072 quoque
548 971 605 1061 lit,
626 973 717 1073 quod
735 972 869 1073 publica
887 990 1059 1073 potestas,
1080 1000 1167 1078 qnae

53 1088 136 1162 alius
161 1104 360 1162 contractus
380 1086 443 1161 etsi
460 1085 574 1160 aalide
597 1087 699 1161 initos
724 1088 928 1188 quandoque
953 1091 1163 1181 rescindere,

55 1206 131 1279 item
148 1203 355 1304 requisitum
373 1203 409 1274 in
422 1203 697 1277 contrahentibus
710 1229 913 1278 consensum
926 1206 1026 1281 certis
1038 1207 1074 1280 in
1087 1234 1169 1282 con·

55 1320 241 1395 ditionibus
259 1318 420 1419 supplere
440 1317 549 1407 valet,
577 1318 662 1391 nihil
687 1334 799 1393 tamen
824 1322 943 1396 horum
969 1322 1059 1397 circa
1087 1350 1168 1400 con·

55 1453 194 1510 tractam
211 1432 497 1507 matrimonialem
516 1449 686 1534 praestare
703 1435 831 1536 possit,
859 1461 921 1509 nec
944 1463 1094 1538 unquam
1112 1466 1170 1539 po

57 1553 152 1627 trent
182 1552 314 1647 (44).»

122 1667 188 1740 cui
214 1664 391 1739 doctrinae
411 1665 594 1739 assentitur
619 1667 745 1766 pariter
765 1667 857 1741 card.
881 1667 1066 1757 Gerdilius,
1088 1668 1169 1744 dum

59 1784 222 1856 adsersus
240 1796 432 1879 apostatam
454 1779 685 1879 Spalatensem
703 1780 851 1856 ostendit
867 1781 987 1878 ingens
1009 1782 1099 1882 quod
1117 1784 1170 1857 in-

59 1898 244 2000 terponitur
259 1895 445 1970 discrimen
469 1896 556 1969 inter
574 1912 764 1971 contractus
792 1896 961 1997 reliquos,
985 1913 1019 1970 et
1039 1916 1170 1972 contra-

60 2032 148 2088 ctum
175 2011 425 2088 connubialcm.
448 2011 544 2098 Quod
567 2011 706 2112 quidem
725 2010 848 2112 duplex
865 2028 937 2100 est,
958 2010 1100 2086 alterum
1118 2013 1170 2087 in-

61 2130 264 2216 trinsecum,
295 2129 518 2202 extrinsecum
552 2127 707 2201 alterum.
745 2126 968 2202 lntrinsecum
1001 2125 1085 2200 illud
1119 2143 1172 2203 est

59 2246 146 2345 quod
174 2247 283 2321 oritur
307 2271 349 2318 ex
374 2245 450 2345 ipsa
483 2245 530 2318 rei
557 2262 695 2332 natura,
725 2261 892 2344 quatenus
918 2270 1104 2318 consensus
1130 2271 1171 2318 ex

60 2380 148 2464 parte
173 2361 448 2436 contrahentium
473 2360 667 2459 coniugium
693 2361 744 2434 sic
764 2360 885 2434 debeat
907 2359 992 2433 liber
1008 2385 1109 2456 esse,
1136 2377 1173 2434 ut

61 2478 133 2552 hnic
158 2477 311 2552 delectui
335 2475 429 2550 nulla
446 2476 595 2550 humana
612 2479 665 2551 lex
683 2477 841 2577 supplere
859 2477 992 2576 possit,
1018 2503 1116 2551 secus
1133 2502 1172 2551 ac

61 2611 213 2696 respectu
241 2610 429 2667 ceterorum
455 2610 686 2668 contractuum
704 2594 858 2695 pluribus
884 2594 919 2666 in
936 2593 1074 2667 casibus
1092 2620 1172 2667 con-

61 2713 176 2811 tingat.
206 2711 445 2784 Extrinsecum
462 2737 541 2785 vcro
568 2711 651 2784 illud
676 2727 833 2786 censetur
850 2712 941 2813 quod
959 2712 1112 2811 provenit
1132 2737 1174 2784 ex

61 2829 127 2902 inre
153 2827 275 2903 divino
293 2826 460 2925 positivo,
483 2843 650 2926 quatenns
677 2830 768 2902 Deus
793 2828 828 2900 in
855 2829 931 2929 ipsa
954 2827 1100 2925 coniugii
1120 2827 1173 2898 in-

62 2946 233 3019 stitutione
252 2941 408 3015 amandi
435 2941 629 3042 primordiis
647 2943 734 3018 duas
752 2938 946 3046 apposuerit
962 2944 1173 3019 conditiones

61 3058 247 3134 contractui
280 3058 510 3145 matrimonii,
544 3085 632 3161 quae
660 3086 680 3132 a
705 3059 798 3133 nulla
829 3060 977 3132 humana
1010 3072 1175 3158 potestate

65 3178 255 3277 pendeant,
285 3175 475 3250 cuiusmodi
495 3191 573 3249 sunt
592 3177 704 3251 unitas
722 3192 755 3248 ct
772 3160 1071 3258 indissolubilitas,
1088 3195 1174 3270 quas

64 3318 135 3366 cum
161 3293 258 3365 Deus
286 3291 360 3390 ipse
378 3291 451 3364 iure
469 3317 530 3365 suo
556 3291 590 3362 in
616 3292 718 3365 veteri
745 3291 819 3388 loge
840 3287 1061 3385 mitigaverit,
1078 3283 1176 3358 Chri-

65 3426 134 3482 stus
151 3410 188 3481 in
203 3432 293 3481 nova
306 3406 350 3478 ad
365 3406 541 3506 pristinam
555 3407 767 3480 sanctitatem
786 3401 953 3477 revocavit
969 3403 1057 3498 (ld).
1079 3397 1177 3486 Quod

67 3525 202 3622 quidem
227 3523 265 3595 in
283 3521 425 3623 reliquis
448 3522 674 3596 contractibus
699 3521 771 3596 sive
796 3517 1006 3594 naturalibus
1032 3517 1105 3592 sive
1128 3514 1177 3590 ci-

67 3639 188 3714 vilibus
214 3665 284 3712 non
310 3642 432 3711 evenit.

136 3753 228 3843 Quid
248 3751 379 3852 plura?
404 3753 491 3827 inter
507 3755 600 3856 ipsos
620 3753 841 3855 philosophos
860 3779 926 3827 non
944 3751 1098 3835 deluere,
1116 3744 1177 3847 qui

68 3869 258 3970 analogiam
285 3870 372 3944 inter
397 3871 645 3945 matrimonium
671 3888 705 3945 et
735 3870 850 3944 civiles
876 3882 1066 3943 contractus
1090 3864 1180 3936 iusta

69 3985 144 4059 crisi
175 3986 439 4087 perstringerent
467 3989 554 4083 (ld).
586 3984 682 4071 Quod
710 3986 739 4060 si
765 3985 849 4059 ratio
880 3997 1047 4083 spcctetur
1070 4004 1181 4054 sacra·

132 4211 183 4273 (tt)
201 4212 238 4261 Ite
254 4210 387 4275 tmpedtm.
401 4209 519 4259 mntrtrs
533 4220 592 4272 cup.
607 4210 720 4259 XXIII.
732 4207 756 4272 §.
771 4214 794 4258 a.
808 4214 831 4257 c.
848 4213 884 4257 to.
905 4212 942 4256 ιι.

132 4292 184 4354 Its)
200 4293 323 4342 Iruttuto
337 4289 383 4341 del
396 4291 567 4340 matrtmonto
582 4291 644 4352 part.
658 4289 678 4339 1.
690 4287 714 4352 §.
729 4295 750 4339 1.
763 4299 821 4351 opp.
834 4285 874 4337 ed.
886 4288 957 4336 Itum.
970 4285 1031 4335 torn.
1044 4285 1098 4333 xv.

135 4375 184 4436 tto)
198 4374 255 4437 Ipso
269 4371 345 4435 flego!
361 4370 453 4434 carpsit
464 4369 588 4420 nodonern
606 4368 781 4421 nutrimentis
794 4365 1019 4429 sententiolam,
1028 4367 1054 4415 ct
1068 4376 1084 4412 a
1101 4373 1192 4424 recem
