2804 5062
110 321 594 427 cur.vr1.nt}mrn.urr1n.cun
607 349 1052 407 nemorumnemorum.
1108 334 1179 408 33¹1

64 472 248 560 habeatnr,
283 468 450 570 patefacta
481 484 618 560 tumen,
653 470 768 572 quoad
795 470 868 545 fieri
899 471 1045 572 poterit,
1080 474 1182 549 etiam

62 589 146 690 parti
165 583 296 660 infideli
314 584 437 686 prioris
454 585 658 659 matrimonii
679 586 854 674 nullitate;
873 589 906 659 6.
923 601 961 660 ut
979 587 1045 661 bac
1061 587 1180 664 eadem

59 704 123 778 sibi
137 700 273 776 indulta
285 699 443 775 facultate
458 701 672 784 missionario
686 717 780 777 extra
797 728 880 776 suae
897 703 1072 783 missionis
1091 703 1178 780 fines

59 821 104 895 uti
131 818 275 892 minime
298 816 409 891 liceat.

131 937 168 1007 3.
189 932 227 1006 si
249 958 330 1009 uero
353 932 567 1007 matrimonia
592 933 822 1010 contrahenda
848 935 936 1024 sint,
968 934 1180 1035 distinguen-

57 1050 138 1124 dum
155 1064 211 1124 est
227 1074 308 1121 num
328 1046 616 1150 dispensationem
641 1050 781 1150 praefati
807 1049 1042 1151 impedimenti
1065 1066 1181 1153 petant

56 1167 114 1266 qui
141 1163 251 1241 adulti
275 1180 373 1254 sunt,
393 1163 479 1239 etin
499 1164 564 1239 hoc
582 1191 665 1239 casu
686 1165 924 1240 missionarius
941 1191 981 1240 se
997 1192 1036 1241 sa
1052 1167 1181 1242 consor·

57 1296 124 1357 met
148 1281 288 1356 omnino
312 1280 406 1354 iuxta
428 1279 686 1355 instinctionem
711 1306 828 1356 sacrae
849 1282 1118 1380 congregationis
1136 1284 1180 1359 de

57 1394 278 1499 propaganda
302 1393 381 1469 fide.
409 1395 445 1468 Si
470 1421 550 1469 vero
571 1394 857 1497 dispensationem
883 1411 996 1497 petant
1021 1414 1179 1498 parentes

57 1539 116 1614 pro
141 1511 227 1586 filiis
247 1510 302 1584 vel
327 1508 463 1585 filiabus
482 1509 716 1611 impuberibus
732 1526 774 1584 nt
786 1537 861 1585 eam
880 1510 1080 1612 dispensent
1096 1512 1179 1590 filiis

57 1626 247 1700 infidelium
264 1624 358 1698 iuxta
372 1649 500 1699 moram
515 1625 681 1723 regionis,
703 1624 872 1702 abstineat
888 1628 1026 1703 omnino
1043 1629 1181 1704 missio-

58 1743 175 1816 narins
192 1766 213 1814 a
230 1738 446 1814 concedenda
464 1737 738 1839 dispensatione;
761 1755 831 1813 tum
858 1740 968 1814 solum
993 1741 1087 1820 illam
1111 1743 1179 1818 lar-

57 1858 188 1956 giatur,
217 1881 296 1930 cum
320 1854 419 1929 ambo
444 1853 563 1954 sponsi
589 1853 633 1928 ad
659 1880 766 1928 annos
800 1854 988 1954 pubertatis
1017 1882 1179 1956 pervene-

56 1972 138 2061 rint,
153 1987 191 2046 et
201 1985 356 2044 mutuum
381 1994 583 2044 consensum
610 1968 857 2068 praestiterint,
878 1969 1021 2045 servatis
1043 1997 1178 2072 semper

58 2083 310 2161 conditionibus
327 2083 363 2158 in
381 2083 551 2184 praesenti
576 2083 797 2159 instructione
813 2109 929 2158 sacrae
946 2087 1177 2184 congregatio-

58 2203 108 2277 nis
131 2201 176 2276 de
201 2200 422 2301 propaganda
448 2198 516 2274 fide
539 2200 743 2274 contentis.»

125 2317 305 2392 Praeterea
323 2316 380 2389 die
397 2318 456 2388 30.
478 2316 853 2390 lanuer.1807.sacra
865 2317 1078 2415 congregatio
1097 2344 1176 2418 pro-

57 2432 234 2534 pagandae
266 2432 345 2506 fidei
372 2430 417 2505 ad
441 2431 583 2505 dubium
618 2431 771 2532 episcopi
797 2430 1032 2507 antidonensis
1056 2433 1175 2511 vicarii

56 2548 233 2649 apostolici
257 2547 363 2621 Xeusi
387 2564 422 2621 et
443 2546 574 2620 Xansi:
595 2546 680 2618 «An
703 2563 830 2647 queant
854 2546 1046 2647 dispensari
1073 2575 1177 2649 super

55 2665 248 2740 diuersitate
265 2661 375 2737 cultus
395 2661 554 2735 mulieres
571 2659 648 2734 illae
665 2661 869 2736 christianae
887 2660 931 2735 ab
945 2663 1086 2763 antiquo
1098 2688 1177 2762 gen·

55 2779 192 2868 tilibus,
220 2777 351 2879 ubsque
374 2776 512 2879 praevia
535 2775 789 2880 dispensatione
816 2777 975 2868 traditae,
1004 2779 1130 2880 quibus
1155 2806 1176 2855 a

55 2896 193 2971 maritis
209 2895 349 2969 libertas
374 2892 512 2995 quidem
537 2891 732 2966 conceditur
748 2894 885 2968 sesain
899 2921 996 2969 sacra
1013 2895 1177 2994 religione

56 3011 254 3100 exercendi,
275 3010 336 3086 sed
354 3024 491 3085 nonest
511 3008 546 3079 in
565 3022 636 3082 tuto
658 3008 770 3108 posita
787 3009 921 3107 proles,
945 3025 1004 3086 aut
1022 3027 1101 3086 nata
1118 3027 1177 3120 aut

56 3129 251 3216 nascitura,
277 3142 315 3201 ut
338 3125 448 3226 possit
471 3125 657 3226 baptizari,
685 3140 719 3198 et
744 3125 779 3196 in
804 3125 989 3200 christiano
1008 3127 1075 3200 ritu
1093 3127 1176 3222 edn-

55 3245 148 3332 cari,
176 3242 370 3343 velpotius
395 3238 563 3315 eiusmodi
589 3239 703 3338 praxis
729 3254 807 3336 agat
832 3253 947 3313 contra
973 3240 1106 3338 regulas
1131 3241 1175 3315 ab

55 3360 120 3434 ista
152 3358 411 3456 congregatione
443 3380 505 3456 pro
538 3381 604 3428 usu
637 3354 761 3428 similis
796 3353 1060 3453 dispensationis
1098 3378 1175 3432 cum

55 3501 83 3549 s.
99 3473 232 3547 Thoma
248 3470 373 3547 datas?
388 3502 406 3541 n
422 3471 524 3571 Resp.
546 3469 787 3568 «sequendam
804 3494 881 3541 essa
898 3469 1172 3558 instructionem,

54 3587 199 3690 quaein
218 3613 299 3663 casu
321 3586 467 3687 perfecte
491 3585 652 3659 uniformi
676 3584 889 3661 matrimonia
914 3584 980 3658 iarn
1005 3600 1175 3661 contracta

55 3703 257 3807 respiciente
279 3703 406 3778 vicario
431 3700 616 3802 apostolico
633 3701 803 3774 Sutohuen
830 3701 937 3775 missa
962 3700 1026 3776 snit
1050 3728 1090 3776 ex
1114 3703 1175 3776 de-

53 3834 146 3895 creto
167 3818 273 3892 seriae
296 3817 334 3890 V.
352 3816 481 3892 die12.
498 3816 570 3890 lan.
589 3819 722 3888 1769.»

126 3934 192 4006 Die
216 3959 296 4007 vero
322 3935 380 4005 13.
406 3933 495 4034 Sept.
527 3933 634 4003 1760.
660 3930 786 4004 Eadem
814 3933 1025 4029 congregatio
1051 3957 1174 4031 prope·
1220 3929 1223 3938 ’

54 4041 189 4150 gandae
215 4048 295 4122 fidei
321 4049 356 4120 in
381 4074 444 4122 sua
469 4046 612 4147 epistola
637 4047 679 4121 ad
708 4046 749 4119 D.
777 4047 884 4121 Sullas
908 4046 1069 4120 vicarium
1095 4073 1175 4147 apo-

53 4167 213 4242 stolicum
238 4163 366 4239 Fukien
393 4166 429 4236 in
454 4164 545 4236 Sinis
572 4159 707 4237 scribit:
736 4163 916 4263 «Sapiens
942 4162 1063 4261 egendi
1090 4163 1174 4237 ratio

53 4309 124 4383 qua
148 4281 343 4358 Dominatio
361 4294 419 4355 tua
435 4281 540 4355 utitur
557 4280 591 4352 in
609 4279 834 4356 concedendis
862 4278 1173 4381 dispensationibus

117 4425 144 4481 11
1076 4425 1111 4476 m
