2804 5062
157 359 225 430 230
405 377 467 429 nm.
489 376 525 428 11.
546 376 633 428 asar.
649 376 673 427 1.
690 376 731 427 nc
749 336 876 428 rorssr.
893 373 1023 429 mecm.
1083 390 1085 395 ·

155 498 399 598 mulieremque
421 496 622 572 catholicam
640 494 776 597 Corcyri
794 493 962 570 celebrata
979 520 1059 571 cum
1077 497 1269 575 assistentia

153 615 293 716 parochi
311 613 478 703 mulieris,
493 628 553 687 aut
566 612 804 712 praetermissa
817 610 1019 687 adsistentis
1035 613 1182 714 parochi
1198 641 1270 716 pro-

153 732 237 832 prii,
270 729 384 806 valida
414 728 532 803 haberi
561 727 723 815 debeant,
743 753 784 802 eo
804 725 897 829 quod
917 752 1019 803 casus
1040 729 1207 830 frequens
1231 732 1272 806 sit

153 849 242 922 inter
265 848 356 922 viros
382 872 520 946 graecos
537 862 571 920 et
587 845 746 921 mulieres
765 842 945 922 huual»
964 845 1028 919 Die
1045 847 1082 919 9.
1100 844 1270 924 Octohra

155 990 315 1067 suprema
332 989 362 1038 s.
373 960 477 1038 officii
494 988 608 1061 congr.
626 987 828 1062 responsum
845 959 924 1036 fuit:
941 961 1185 1038 allatrimcnia
1196 989 1270 1040 con·

154 1095 261 1155 tracta
293 1079 381 1153 inter
411 1077 521 1153 virum
556 1077 762 1152 haereticum
792 1092 827 1151 et
857 1077 1032 1152 mulierem
1068 1076 1268 1154 catholicam

152 1196 284 1296 absque
309 1195 499 1298 praesentia
525 1193 663 1294 parochi
688 1193 816 1295 proprii
843 1193 879 1267 in
902 1193 1004 1284 locis,
1031 1193 1093 1269 ubi
1119 1195 1268 1296 publica-

152 1328 224 1387 tum
240 1328 295 1387 est
308 1336 404 1387 conc.
423 1311 658 1399 tridentinum,
686 1335 755 1386 non
778 1324 859 1385 sant
878 1309 1008 1398 valida,
1028 1335 1099 1386 non
1116 1310 1267 1387 choante

152 1429 321 1504 murana
344 1427 609 1516 consuetudine,
636 1453 724 1529 quae
748 1426 939 1528 corruptela
959 1441 1030 1515 est,
1053 1443 1089 1502 st
1112 1427 1194 1504 ideo
1214 1427 1267 1504 tul·

154 1544 273 1633 lenda3
293 1545 324 1620 si
340 1569 420 1620 vero
441 1544 511 1620 sint
530 1542 698 1619 celebrata
721 1569 835 1619 coram
861 1543 997 1646 proprio
1023 1543 1180 1645 parocho
1203 1569 1264 1618 mu·

152 1659 247 1736 lieris
272 1660 475 1749 catholicae,
503 1674 601 1734 erunt
624 1659 737 1735 valida
760 1659 919 1761 quidem,
947 1659 1010 1736 sed
1035 1658 1197 1736 illicita.»

224 1776 368 1879 Insuper
396 1776 440 1850 ab
472 1776 590 1851 eadem
625 1802 784 1877 suprema
818 1802 849 1850 s.
877 1775 980 1852 officii
1009 1777 1261 1876 congregatione

152 1917 208 1965 an.
226 1893 333 1966 1803.
350 1891 520 1967 decretum
540 1890 667 1965 editum
681 1906 733 1965 est
744 1890 800 1965 die
814 1892 848 1964 3.
865 1889 1047 1994 Novembn
1058 1891 1105 1966 de
1118 1891 1262 1967 nullitate

153 2007 249 2082 mixti
278 2007 437 2082 connubii
465 2006 676 2082 clandestine
701 2006 875 2081 ininsula
900 2006 1069 2082 melitensi
1095 2006 1257 2083 celebrati.

223 2123 342 2224 ltaque
370 2140 463 2197 extra
492 2147 625 2197 omnem
653 2121 873 2198 dubitationis
908 2121 1014 2197 aleam
1040 2124 1195 2224 positam
1216 2139 1260 2199 ast

150 2238 307 2336 coniugia
333 2239 438 2313 mixtu
461 2239 497 2311 in
522 2238 606 2313 locis
636 2238 693 2311 ubi
720 2264 815 2314 conc.
833 2239 1053 2314 tridentinum
1079 2241 1258 2341 promulga

149 2368 220 2429 tum
242 2370 294 2429 est
313 2355 499 2444 celebrata,
520 2356 626 2430 lorma
648 2355 691 2429 ah
712 2355 832 2431 eodem
853 2354 997 2431 concilio
1023 2371 1154 2433 statuta
1178 2381 1257 2460 praa

150 2472 329 2561 termissa,
363 2473 456 2546 nulla
486 2498 626 2573 prorsus
651 2498 753 2561 esse,
786 2472 855 2548 nisi
881 2498 1040 2575 expresso
1069 2490 1104 2549 et
1129 2471 1254 2577 speciali

149 2587 241 2661 sedis
267 2589 471 2689 apostolicae
496 2589 627 2665 indulto
653 2589 754 2665 luerit
782 2605 920 2664 extensa
949 2589 1143 2666 Declaratio
1167 2591 1254 2666 bene

150 2700 290 2776 dictina.
309 2703 415 2802 ldquc
430 2703 522 2779 valet
536 2704 608 2779 sire
628 2704 805 2779 acatholici
830 2703 987 2804 permixti
1012 2704 1084 2780 sint
1107 2730 1188 2780 cum
1210 2728 1253 2779 ca·

148 2815 304 2906 tholicis,
329 2844 440 2918 neque
464 2821 606 2920 templa,
629 2821 823 2907 ministros,
848 2819 1045 2919 cultumque
1067 2821 1251 2895 distinctum

149 2931 312 3022 habeant,
333 2936 405 3009 sive
422 2936 608 3010 coaluerint
619 2937 654 3008 in
668 2937 861 3012 societatem
883 2935 1079 3010 distinctam
1097 2962 1177 3013 eum
1194 2935 1251 3010 suis

150 3048 304 3149 templis,
331 3077 370 3124 ac
394 3051 580 3139 ministris,
602 3079 663 3126 nec
688 3079 756 3126 non
780 3055 854 3127 sive
878 3052 943 3127 sub
969 3053 1126 3154 principe
1150 3052 1249 3129 catha

146 3163 229 3252 lico,
259 3168 331 3241 sive
356 3167 421 3242 sub
442 3169 595 3270 principe
621 3170 809 3244 acatholico
835 3170 970 3268 degant.

219 3283 427 3358 Documenta
453 3312 541 3384 quae
566 3285 740 3359 attulimus
758 3285 801 3358 ad
819 3286 973 3383 regiones
999 3284 1072 3357 lere
1097 3285 1247 3385 pertinent

145 3397 180 3469 in
207 3398 331 3497 quibus
357 3401 514 3475 catholici
541 3402 711 3501 principes
729 3401 954 3475 dominantur.
976 3400 1035 3472 Vix
1054 3426 1123 3475 non
1147 3421 1246 3500 supcr-

145 3537 329 3587 vacaneum
355 3516 524 3590 videretur
551 3533 626 3616 post
656 3517 741 3590 haec
773 3515 840 3589 alia
871 3516 1074 3591 documenta
1106 3513 1244 3593 adden,

144 3654 232 3726 quae
257 3629 298 3701 ad
322 3631 475 3727 regiones
501 3631 736 3704 reserunturiu
750 3631 873 3731 quibus
893 3631 1194 3732 protestantismus
1207 3621 1247 3700 rel

144 3743 212 3815 alia
230 3759 321 3818 secta
339 3745 507 3819 haeretica
525 3762 576 3819 est
594 3747 712 3843 religio
735 3760 860 3834 status,
882 3770 1038 3845 quaeque
1060 3740 1246 3820 acatholicis

144 3859 356 3959 principibus
383 3861 583 3935 subduntur.
603 3865 686 3935 Num
711 3879 748 3935 ut
773 3890 813 3936 ex
840 3862 1023 3936 asserendis
1048 3857 1248 3937 documentis

141 3971 353 4061 videbimus,
376 4002 442 4049 non
460 3977 560 4052 modo
577 3977 611 4049 in
630 3978 824 4076 regionibus
844 3977 1124 4077 protestantium,
1144 3995 1248 4052 verum

143 4087 244 4159 etiam
269 4090 303 4161 in
330 4093 521 4189 regionibus
548 4094 752 4181 infidelium,
782 4121 842 4169 seu
868 4111 1063 4181 turcarum,
1093 4111 1129 4167 et
1154 4087 1248 4192 genti·

142 4198 225 4275 lium
251 4204 357 4278 forma
382 4207 562 4281 tridentina
576 4208 611 4280 in
625 4209 849 4283 matrimoniis
871 4207 1069 4282 christianis
1092 4201 1249 4282 servanda

142 4332 195 4391 est
219 4319 283 4393 sub
308 4315 471 4398 nullitutis
496 4349 606 4423 poena
631 4324 690 4399 uhi
711 4324 891 4400 concilium
916 4324 1128 4425 publicatum
1157 4323 1228 4399 luit.
