2804 5062
210 398 271 447 w.
283 397 331 447 tlt.
343 399 384 447 Μ
396 397 485 446 tect„
494 397 619 447 Wlffl-
629 398 710 446 ΜΡ.
722 396 828 447 ΙΝΙΙΡ.
839 399 933 448 mll-
943 399 1006 448 uttt.
1017 399 1087 448 ΔΜ.
1100 399 1146 449 nt.
1177 377 1245 448 119

161 530 184 586 et
201 517 325 589 iustitie
349 516 383 587 in
409 541 492 588 cesu
515 515 646 612 urgenti
672 530 704 588 et
729 516 839 612 graui,
869 542 946 589 cum
972 543 1111 615 nempe,
1138 535 1175 591 ut
1199 518 1247 592 lo·

157 633 253 730 qnitnr
264 631 501 706 tridentinum:
521 633 676 729 «Urgens
693 634 842 729 iustoque
855 633 956 719 ratio,
972 648 1005 706 et
1023 633 1128 706 maior
1145 661 1247 733 quan-

153 747 248 847 doque
271 747 401 820 utilitas
421 748 681 846 postulaverint,
701 774 777 821 cum
799 748 968 848 aliquibus
982 749 1246 848 dispensandum

150 887 214 935 ease
232 865 308 956 (tt)
323 919 332 948 ,
347 892 366 931 a
395 862 429 934 id
451 862 587 961 quidem
613 879 742 961 spectet
766 862 809 935 ad
840 862 1004 948 iudicem,
1033 863 1092 962 qui
1116 862 1247 939 libratis

149 975 217 1050 binc
242 977 326 1050 inde
349 977 529 1051 momentis
550 977 699 1051 decernit
721 978 754 1049 in
781 977 840 1051 illo
858 977 1019 1076 peculiari
1037 1004 1118 1051 casu
1140 977 1246 1076 legem

146 1091 207 1165 lore
233 1093 398 1165 iniustam
429 1094 495 1166 nisi
521 1093 730 1194 dispensatio
755 1092 968 1167 concedatur.
998 1095 1097 1167 Porro
1122 1093 1186 1168 hoc
1211 1093 1246 1168 in

146 1233 217 1280 casn
241 1208 396 1308 episcopi
423 1208 547 1307 singuli
570 1209 699 1282 iudices
724 1226 824 1297 sunt,
844 1224 959 1307 utpote
974 1209 1033 1308 qui
1052 1235 1172 1283 causas
1190 1235 1247 1282 er-

145 1324 285 1411 cntinnt,
315 1350 359 1396 an
386 1325 420 1396 in
447 1325 497 1398 eis
524 1325 612 1398 duae
637 1325 806 1424 praefatae
822 1325 1032 1399 conditiones
1049 1343 1248 1399 concurrant

144 1438 314 1535 gravitatis
340 1455 375 1512 et
400 1439 571 1525 utilitatis,
599 1466 685 1540 quas
709 1439 887 1513 concilium
904 1440 1053 1539 exposcit
1074 1440 1108 1512 in
1130 1466 1248 1516 couce-

145 1552 249 1625 denda
275 1552 494 1627 relaxatione.
516 1557 607 1629 Tunc
623 1581 702 1629 vero
721 1582 786 1628 non
805 1554 913 1627 solum
935 1572 1075 1654 possunt
1095 1557 1245 1655 episcopi

145 1666 297 1740 subditos
315 1693 397 1740 suns
415 1694 435 1740 a
452 1668 537 1766 legis
561 1669 697 1743 vinculo
722 1669 869 1756 solvere,
895 1669 956 1742 sed
975 1669 1074 1769 plane
1095 1686 1248 1744 tenentur

145 1782 208 1855 iure
235 1782 302 1856 boc
329 1783 466 1881 proprio
489 1785 555 1871 uti,
574 1801 671 1884 prout
689 1785 723 1856 in
748 1785 892 1857 adducto
917 1784 1049 1858 decreto
1075 1785 1245 1857 tridentini

146 1913 250 1996 putres
275 1898 448 1971 declarant
472 1900 643 1974 addendo:
671 1900 736 1972 old
755 1926 858 1972 causa
883 1899 1032 1995 cognita,
1054 1925 1093 1972 ac
1115 1925 1246 1971 summa

147 2013 332 2086 maturitate
348 2031 450 2112 atque
466 2015 569 2110 gratis
590 2040 610 2086 a
632 2015 920 2114 quibuscumque,
941 2013 985 2085 ad
1002 2039 1088 2113 quos
1114 2013 1248 2113 dispen-

145 2129 221 2202 satio
234 2128 439 2227 pertinebit,
454 2132 519 2202 erit
535 2129 810 2228 dispensandum
825 2129 987 2229 aliterque
1005 2129 1090 2202 lacta
1103 2128 1247 2228 ¹dispen-

134 2242 223 2320 satio
240 2241 445 2340 subreptitia
461 2260 638 2316 censeatur
657 2247 777 2338 (69).»
798 2243 832 2314 Si
856 2242 957 2340 igitur
973 2241 1247 2316 concurrentibus

147 2355 294 2430 adductis
313 2356 578 2445 conditionibus,
596 2384 811 2456 quaererem
829 2357 1057 2456 exceptionem
1071 2356 1155 2453 legis
1171 2383 1249 2431 con·

147 2472 299 2557 stitunut,
322 2472 376 2545 ius
402 2472 525 2546 babent
551 2473 676 2546 subditi
694 2473 737 2545 ad
762 2472 1067 2573 dispensationem,
1089 2473 1163 2558 ius,
1184 2474 1248 2546 im·

148 2612 274 2660 novero
291 2602 327 2660 et
345 2587 492 2661 officium
511 2587 636 2660 habent
654 2589 803 2687 episcopi
822 2588 1059 2688 dispensandi,
1076 2587 1247 2687 quodnisi

150 2701 286 2789 iaciant,
308 2729 385 2776 reos
401 2702 516 2777 violati
531 2704 671 2777 canonis
685 2704 856 2776 tridentini
874 2729 911 2777 se
932 2704 1135 2778 constituent
1154 2706 1242 2801 (tu).

208 2817 348 2917 Optime
365 2818 522 2917 quidem,
544 2818 573 2891 si
596 2819 761 2892 eiusmodi
780 2820 981 2920 principium
1005 2846 1070 2892 non
1089 2836 1180 2894 esset
1195 2846 1249 2894 nc-

148 2958 214 3004 oum
231 2959 275 3007 ac
295 2951 412 3032 aperte
429 2935 571 3032 solcum,
594 2960 633 3007 ac
651 2935 680 3007 si
703 2934 830 3008 directa
848 2935 953 3008 fronte
970 2962 1035 3008 non
1053 2935 1248 3009 adversere-

148 3062 192 3119 tnr
217 3047 332 3121 eidem
350 3048 493 3122 concilio
512 3049 692 3122 tridentino
722 3050 820 3122 cuius
842 3051 1036 3123 auctoritate
1061 3048 1177 3123 fulcire
1194 3076 1254 3148 sy—

147 3177 246 3234 stema
272 3188 372 3235 suum
398 3160 455 3234 bic
479 3176 596 3235 auctor
619 3164 795 3236 adnititur.

208 3277 301 3349 Sane
323 3276 414 3375 quod
439 3303 561 3351 novum
588 3277 634 3352 sit
657 3278 822 3351 eiusmodi
842 3277 1043 3376 principium
1070 3275 1249 3376 multiplici

145 3389 267 3464 indicio
284 3390 561 3490 deprehenditur,
582 3391 629 3464 Ao
647 3394 680 3463 1.
702 3391 793 3491 quod
811 3391 895 3463 illud
914 3390 1051 3464 nonnisi
1065 3390 1129 3463 sub
1147 3391 1246 3466 finem

143 3531 205 3580 tec.
231 3508 351 3579 XVlll.
381 3505 530 3580 omnium
555 3507 685 3605 primus
708 3523 826 3580 auctor
853 3525 970 3580 noster
992 3506 1256 3605 excogitaverit,

143 3622 220 3721 quin
234 3621 342 3695 ullurn
357 3622 449 3695 illius
460 3623 638 3721 vestigium
655 3640 754 3696 antea
772 3623 970 3723 reperiatur;
988 3625 1021 3695 2.
1042 3624 1131 3724 quod
1150 3648 1247 3698 nemo

142 3761 289 3838 unquam
308 3753 357 3810 tot
372 3737 622 3838 episcoporum,
637 3738 762 3837 quibus
779 3738 871 3810 cordi
890 3764 966 3811 esse
983 3738 1097 3811 debuit
1112 3736 1248 3836 propria

145 3849 213 3924 inre
237 3851 415 3924 uindicare
431 3850 515 3923 illud
541 3852 733 3948 agnoverit,
754 3870 812 3924 aut
837 3852 872 3923 in
898 3851 1027 3950 praxim
1052 3850 1243 3938 deduxerit;

206 4109 258 4171 (et)
272 4112 339 4159 sets.
352 4110 427 4160 xxv.
443 4113 478 4160 Dc
488 4109 596 4172 rcfonn.
609 4124 663 4175 nup
676 4113 762 4162 xvttt.

205 4190 257 4333 lidi
272 4189 393 4321 biddbittn
403 4272 429 4321 in
440 4285 481 4336 up.
494 4272 544 4322 Del
554 4271 647 4323 dtrr'lto
661 4272 689 4323 dt
706 4273 812 4323 ttudtltr
825 4271 1002 4335 impedimeatt
1011 4270 1145 4334 dtrbttentt
1156 4269 1177 4320 tt
1192 4280 1249 4320 m·

151 4347 263 4400 'muto
281 4362 297 4402 ο
310 4348 470 4414 damme.
487 4351 564 4401 Poris
584 4355 652 4402 ttae.
663 4351 703 4402 ed.
714 4359 739 4403 t.
749 4353 782 4401 tt.
793 4363 820 4401 n.
832 4356 858 4401 e.
