2804 5062
234 337 305 411 tus
355 374 377 419 ‚4
397 357 491 417 ..un
506 358 549 415 rr.
564 358 657 428 ‚sect
677 358 809 416 urens.
829 359 871 412 ne
896 359 1023 414 rorssn
1043 361 1156 415 curu.
1190 375 1193 383 ·

228 480 268 554 in
299 479 529 581 propositione
558 480 640 555 ttx.
670 478 938 580 pseudo-synodi
966 481 1207 582 pistoriensis,
1221 509 1258 556 a
1286 507 1339 585 qna

227 609 348 679 auctor
370 611 483 673 noster
505 621 581 669 eam
606 610 660 670 est
683 608 874 683 mutuatus,
898 595 983 695 quin
1008 595 1105 670 aliud
1130 592 1338 674 adiiciamus.

305 710 415 784 Tertia
439 708 600 796 assertio,
625 710 715 811 quod
739 708 868 786 vinculi
893 709 1028 796 solutio,
1043 726 1079 784 et
1094 712 1270 813 separatio
1295 714 1342 806 hu·

224 823 406 906 bitationis
431 825 501 899 sint
523 823 643 921 alege
666 823 757 898 civili
783 825 952 912 sancitae,
972 825 1064 925 soleo
1080 841 1156 914 est,
1177 827 1211 901 si
1231 826 1344 901 intelli-

231 956 329 1039 gatur
352 941 548 1015 auctoritate
572 939 755 1038 originaria
787 941 961 1040 potestatis
992 940 1132 1030 ciuilis,
1159 959 1196 1017 et
1220 969 1290 1018 non
1311 944 1346 1018 dc

227 1057 305 1135 sola
320 1059 517 1134 executione
531 1083 717 1144 canonum
746 1084 823 1131 nam
849 1057 914 1133 hoc
938 1058 1071 1134 excedit
1088 1058 1178 1134 fines
1195 1060 1346 1161 politicae

228 1173 456 1261 auctoritatis,
480 1198 568 1272 quae
592 1172 635 1247 ad
662 1174 862 1250 solutionem
887 1172 1017 1248 vinculi
1035 1201 1104 1249 non
1123 1201 1165 1250 se
1181 1180 1223 1250 se
1240 1193 1346 1252 exten·

230 1285 301 1374 dit,
328 1301 443 1386 utpote
467 1284 574 1361 divini
604 1287 707 1377 iuris,
732 1303 771 1362 ut
794 1287 1024 1377 ostendimus;
1051 1288 1145 1364 idem
1163 1290 1226 1366 dic
1241 1291 1287 1364 de
1301 1317 1347 1365 se-

232 1401 406 1502 paratione
423 1401 534 1501 quoed
553 1417 662 1477 torum
675 1419 710 1476 et
721 1400 983 1492 habitationem,
1002 1429 1168 1503 quaeres
1181 1406 1346 1481 oonsoien

228 1517 299 1610 ,tiae
317 1532 387 1605 est,
408 1534 440 1593 et
456 1544 477 1591 a
495 1517 568 1594 sola
584 1517 727 1594 ecclesia
745 1519 870 1619 pendet
885 1519 1054 1594 eiusmodi
1077 1521 1229 1597 sanctio.

304 1629 386 1708 Esto
403 1632 494 1733 quod
511 1648 629 1731 agatur
644 1632 688 1706 de
705 1632 865 1731 cogendis
883 1633 1105 1732 coniugibus,
1121 1635 1244 1710 autad
1257 1634 1346 1712 eche

226 1747 425 1837 -bitandum,
453 1749 579 1824 autad
607 1775 646 1825 se
671 1749 716 1824 ab
741 1751 884 1825 invicem
915 1751 1149 1850 separandos3
1179 1778 1251 1828 non
1277 1752 1345 1826 inde

229 1865 385 1965 sequitur
408 1863 473 1941 hos
504 1890 614 1940 meros
639 1863 757 1940 ciuiles
784 1864 924 1941 eftectus
949 1891 1047 1954 esso,
1079 1867 1213 1942 autad
1240 1866 1342 1943 solun

230 1979 405 2081 politicum
432 1981 581 2079 regimen
603 1980 795 2056 referendas
820 1979 932 2079 leges,
956 2006 1044 2081 quae
1058 1981 1130 2057 duo
1147 1981 1210 2057 illa
1228 1982 1345 2062 eonst'r

228 2110 342 2184 tuaut,
368 2095 522 2197 adeoque
554 2096 609 2194 agi
643 2095 687 2169 de
716 2094 828 2194 legum
858 2095 1011 2170 civilium
1040 2096 1257 2173 executione.
1284 2095 1346 2170 Has

229 2210 400 2310 siquidem
416 2237 534 2286 omnes
552 2210 759 2285 ratiunculae
772 2204 852 2286 sunt
863 2210 999 2285 innixae
1013 2203 1155 2311 quartae
1171 2210 1344 2286 assertioni

229 2325 415 2402 adversarii
442 2329 570 2417 nostri,
588 2345 687 2429 'quae
720 2326 927 2402 tan-tricatus
960 2343 1040 2415 est,
1068 2324 1344 2427 iuuentutis

230 2468 298 2516 non
325 2443 428 2516 semel
455 2442 497 2516 ab
525 2442 711 2544 apostolica
737 2443 818 2517 sede
843 2442 986 2517 confixa.

303 2558 393 2632 Haec
411 2575 522 2632 autem
540 2575 658 2658 quarta
675 2558 816 2632 assertio
834 2573 904 2646 est,
921 2557 1011 2657 quod
1029 2557 1183 2631 executio
1202 2557 1344 2632 coactiva

227 2674 276 2752 ,sit
299 2674 471 2772 negotium
497 2674 539 2746 ad
562 2674 743 2748 ecelesiam
771 2701 837 2747 non
864 2689 1034 2772 spectans.
1057 2672 1182 2758 Porro,
1204 2691 1245 2746 ut
1265 2672 1344 2745 dixi·

228 2815 321 2876 mus,
339 2788 491 2861 doctriua
508 2788 591 2862 hacc
608 2789 655 2862 uti
674 2787 887 2862 haereticaiis
906 2787 1095 2886 proscripta
1112 2804 1167 2860 est
1181 2813 1203 2860 a
1219 2788 1279 2862 Pio
1293 2785 1340 2857 tx.

228 2902 264 2975 in
286 2903 381 2976 Brevi
400 2902 489 2977 edito
507 2903 670 2977 adversus
696 2919 864 2977 auctorem
887 2919 1057 2988 nostrum,
1082 2918 1186 3002 atque
1205 2902 1262 2977 his
1279 2928 1344 2977 ver·

226 3015 282 3091 bis
306 3042 483 3116 expressa:
509 3018 675 3090 ecclesiam
698 3021 750 3091 oia
777 3017 963 3117 inserendae
985 3031 1176 3114 potestatem
1201 3044 1268 3090 non
1293 3018 1343 3089 io-

230 3134 299 3208 bere
319 3137 433 3231 (153);
455 3135 643 3234 proscripta
663 3135 741 3208 item
761 3135 825 3208 suit
838 3160 859 3206 a
874 3134 994 3206 Piovl.
1006 3134 1040 3204 in
1060 3132 1212 3230 allegata
1231 3132 1344 3208 consti·

228 3266 289 3324 tut.
306 3252 474 3324 Auctorem
491 3252 569 3353 fidei
586 3252 620 3323 in
641 3250 928 3350 propositionibus
943 3250 995 3321 lv.
1009 3265 1042 3322 ct
1052 3250 1090 3320 V.
1104 3250 1232 3348 synodi
1247 3250 1344 3349 pisto-

228 3365 380 3455 riensis,
409 3393 496 3466 quae
522 3368 569 3439 ita
594 3393 631 3439 sc
656 3367 896 3439 habentt-1V‚
925 3363 1148 3463 «Propositio
1174 3365 1344 3438 affirmans

225 3481 364 3555 ebusum
382 3483 450 3581 sore
472 3484 676 3555 auctoritatis
701 3483 852 3575 ecclesiae
880 3479 1102 3580 transferendo
1135 3480 1234 3553 illam
1262 3481 1344 3553 oltra

228 3599 347 3671 limites
369 3598 533 3671 doctrinae
554 3626 592 3671 oc
614 3626 757 3683 morum,
779 3614 810 3670 et
826 3625 897 3670 eom
915 3595 1113 3669 extendendo
1132 3596 1252 3671 adres
1264 3612 1344 3670 ecte

226 3714 351 3798 recrea,
377 3728 407 3785 et
426 3740 488 3812 per
513 3715 581 3785 cim
603 3713 761 3812 carpendo
790 3712 825 3784 id
852 3712 939 3812 qood
953 3711 1073 3812 pendet
1096 3714 1343 3811 repercussione

223 3843 256 3900 et
272 3828 383 3913 corde,
406 3844 477 3901 tum
494 3830 612 3917 etiam,
632 3830 857 3901 multominus
874 3828 918 3900 od
931 3855 1001 3900 eom
1011 3829 1198 3925 pertinere,
1221 3832 1343 3927 erripeoe

220 3946 375 4042 pervim
401 3949 591 4019 exteriorem
621 3948 851 4019 subiectionem
884 3946 954 4017 suis
989 3944 1138 4016 decretis.
1173 3944 1343 4031 Quatenus

226 4058 493 4137 indeterminatis
520 4063 587 4136 illis
614 4062 747 4138 verbis:
779 4059 979 4134 cotendendc
1011 4057 1055 4132 od
1089 4087 1142 4132 res
1173 4063 1343 4133 exteriores

297 4249 364 4310 (15³)
382 4252 408 4300 tn
424 4250 466 4300 cit.
486 4253 659 4301 Derenottone
684 4252 768 4314 operte
784 4251 829 4299 cert
856 4247 969 4299 titulus:
991 4248 1063 4298 Iuris
1081 4248 1130 4298 etc.
1153 4245 1196 4297 die
1212 4254 1253 4298 2².
1271 4251 1341 4306 tutu·

223 4326 255 4376 sti
273 4333 342 4379 rtet.
