2804 5062
173 408 237 460 rar.
250 410 283 459 v.
294 404 433 460 naseos.
447 408 517 460 ror.
531 407 662 461 ruerus.
677 409 772 461 aira.
788 409 1109 463 artasiensium.
1165 388 1231 464 tat

129 528 227 601 ctrina
244 543 337 627 patet
352 553 394 600 ex
412 519 487 600 can.
511 527 582 601 llll.
604 554 691 602 sess.
713 515 825 601 lxlv.
844 555 940 604 conc.
962 530 1155 619 tridentini,
1177 533 1236 633 qui

128 643 172 719 his
197 644 313 719 verbis
337 645 493 718 ellertur:
518 644 580 716 «si
607 646 685 746 quis
710 646 833 719 dixerit
857 673 980 721 causas
1005 650 1237 723 matrimonia-

125 758 166 835 les
190 786 261 833 non
287 775 441 860 spectare
464 758 507 832 ad
533 759 663 834 iudices
688 761 959 849 ecclesiasticos;¹
985 762 1099 835 anath.
1128 758 1224 837 sit.»

145 880 148 884 ’
187 874 255 946 llic
287 875 335 946 uti
367 874 575 974 exploratum
606 878 813 951 assumimus
843 875 935 950 hune
967 902 1128 951 canonem
1159 904 1236 953 esse

125 986 375 1086 dogmaticum,
398 1013 459 1062 seu
478 988 555 1060 fidei
573 988 762 1063 doctrinam
783 989 956 1065 continere
970 990 1015 1063 oh
1038 990 1155 1064 eadem
1183 1019 1237 1066 ra-

125 1103 248 1179 tionum
268 1121 438 1178 momenta
462 1104 588 1204 quihus
610 1106 841 1180 adstruximus
859 1106 1068 1204 dogmaticos
1085 1133 1162 1181 esse
1179 1134 1236 1183 ca·

126 1244 227 1294 nones
255 1219 316 1290 Ill.
339 1235 372 1291 et
392 1219 445 1290 lll.
466 1219 618 1292 eiusdem
645 1215 823 1295 sessionis.

190 1334 490 1435 Comprehendere
515 1350 625 1408 autem
651 1336 743 1409 hune
772 1362 935 1411 canonem
960 1362 1082 1412 causas
1108 1365 1235 1425 omues,

125 1475 205 1552 qaae
222 1447 378 1523 afficiunt
392 1465 597 1524 contractum
623 1451 737 1551 ipsum
764 1452 996 1551 coniugalem,
1025 1470 1060 1527 et
1082 1454 1168 1526 soloe
1185 1480 1240 1528 ec-

128 1565 337 1640 clesiasticos
362 1565 493 1640 iudices
510 1593 710 1665 agnoscere,
731 1595 771 1642 ex
789 1569 866 1668 ipsa
892 1570 1094 1643 sacramenti
1112 1570 1240 1644 ratione

129 1683 203 1756 satis
229 1681 350 1782 liquot.
373 1681 456 1754 Cum
477 1698 587 1757 umen
612 1683 677 1758 hoc
702 1683 853 1758 nonnulli
879 1685 1078 1757 indubium
1105 1686 1241 1759 reuoca-

133 1799 248 1885 rerint,
275 1812 379 1896 atque
396 1798 628 1872 contenderint
645 1825 820 1898 perperam
839 1796 880 1873 eri
897 1800 963 1873 hoc
978 1798 1107 1873 canone
1124 1799 1240 1873 inlerri

135 1908 242 1988 causas
261 1940 371 1986 omues
384 1910 580 1988 huiusmodi
599 1915 642 1988 ad
659 1913 743 1990 solos
761 1916 1009 1989 ecclesiasticos
1027 1915 1161 1988 iudices
1172 1940 1242 2015 per·

138 2028 245 2117 tinere,
267 2024 373 2129 quum
402 2023 619 2103 tridentinum
642 2032 676 2104 id
703 2058 770 2104 non
795 2031 956 2118 affirmet,
977 2056 1077 2103 omne
1097 2029 1237 2102 dubium

140 2145 261 2219 sustulit
287 2144 367 2217 Pius
391 2145 445 2216 Vl.
476 2145 510 2216 in
536 2145 655 2221 litteris
682 2174 768 2247 quas
787 2147 843 2219 die
861 2149 919 2217 17.
941 2148 1031 2246 Sept.
1055 2148 1162 2217 1788.
1183 2145 1242 2219 de-

143 2257 179 2332 dit
198 2262 238 2333 ad
265 2260 465 2360 episcopum
490 2262 730 2351 motulensem,
756 2263 938 2363 inquibus
965 2261 1113 2362 pontilex
1140 2261 1242 2359 proli-

143 2387 212 2448 tetur
235 2403 273 2449 se
299 2375 392 2475 loqui
418 2374 590 2476 tamquam
617 2379 647 2450 is
665 2376 725 2477 qui
751 2377 804 2450 iae
822 2376 916 2450 hahet
935 2403 1087 2475 supremo
1114 2376 1243 2448 Christi

145 2488 230 2586 {prior
255 2493 448 2562 auctoritate
473 2492 540 2564 sihi
564 2493 685 2564 colluto
715 2492 852 2564 docendi
876 2507 907 2564 ct
939 2490 1164 2590 conponundi.
1191 2489 1242 2564 Ad

145 2605 237 2678 tudem
264 2604 423 2677 nimirum
449 2605 668 2705 apostolicam
694 2607 839 2705 pertinet
862 2633 902 2678 ea
926 2605 1093 2704 explicare
1120 2630 1160 2678 ac
1184 2604 1244 2677 de-

146 2715 307 2794 aminare
331 2747 419 2821 quae
436 2722 472 2793 in
493 2721 731 2810 conciliorum,
752 2722 925 2794 tridentini
951 2721 1167 2822 praesertim,
1188 2720 1244 2794 de

145 2839 224 2911 oeus
241 2837 423 2912 obscurius
444 2837 534 2911 dicta
549 2837 658 2911 videri
677 2854 833 2938 possent,
851 2853 949 2938 prout
966 2837 1114 2911 declarat
1131 2837 1243 2936 ipsum

146 2950 344 3026 tridentinum
363 2980 449 3027 sess.
471 2953 589 3027 ultima
607 2955 641 3025 in
661 2954 745 3042 fine,
767 2955 914 3054 itemque
924 2954 1006 3028 Pius
1025 2954 1076 3025 lV.
1100 2953 1134 3024 in
1151 2950 1244 3024 hulla

144 3067 391 3142 confirmationis
416 3068 570 3142 eiusdem
591 3068 724 3143 concilii
750 3071 827 3166 (2).'
936 3134 937 3138 ,

197 3183 307 3257 Verba
336 3210 435 3284 porro
462 3184 512 3255 Pii
537 3185 591 3256 vl.
621 3186 656 3256 in
691 3186 852 3285 praelatis
878 3184 997 3258 litteris
1027 3183 1112 3255 haec
1141 3196 1239 3254 sunt:

143 3296 285 3398 rhegma
313 3300 392 3372 lidei
417 3316 531 3374 estut
559 3302 808 3375 matrimonium
835 3300 926 3399 quod
958 3315 1036 3371 ante
1066 3297 1244 3370 adventum

140 3407 250 3488 Christi
277 3414 366 3486 nihil
392 3415 484 3487 aliud
509 3432 581 3489 erat
598 3417 664 3491 nisi
689 3414 940 3490 indissolubilis
958 3413 1096 3513 quidam
1115 3427 1246 3486 eontra-

136 3541 217 3617 rsus,
238 3529 323 3601 illud
342 3547 418 3630 post
434 3529 561 3604 Christi
580 3531 760 3605 adventum
778 3531 923 3604 evaserit
937 3555 1040 3601 unum
1059 3555 1100 3601 ex
1117 3543 1245 3626 septem

138 3638 212 3744 legis
241 3645 459 3743 evangelicae
489 3647 707 3721 sacramentis
738 3676 758 3719 a
787 3646 921 3720 Christo
942 3646 1087 3718 Domino
1113 3644 1247 3716 institu-

136 3764 215 3849 tam,
236 3761 526 3861 quemadmodum
555 3762 717 3836 adversus
736 3761 922 3835 haereticos
947 3777 980 3833 et
996 3759 1118 3858 impios
1136 3756 1247 3830 homi-

136 3897 185 3949 nes
207 3874 316 3950 seculi
338 3877 567 3964 insanientes,
589 3902 721 3951 sacrum
749 3876 927 3951 concilium
947 3873 1163 3958 tridentinum
1182 3870 1246 3943 suh

136 3990 356 4084 mathematis
381 3999 491 4091 poena
517 3992 681 4066 definivit.
708 3993 795 4065 llinc
816 3993 873 4077 lit,
894 4007 931 4064 ut
948 3990 991 4063 ad
1016 3989 1120 4062 solam
1140 3985 1247 4061 eccle-

139 4101 235 4193 siam,
251 4105 307 4178 eui
321 4121 391 4178 tota
405 4105 449 4179 de
466 4107 685 4180 sacramentis
703 4122 755 4180 est
771 4132 852 4180 cura
865 4103 1068 4192 concredita,
1084 4102 1139 4176 ius
1156 4127 1246 4175 amoc

141 4223 342 4321 apotecas
369 4222 534 4322 pertineat
557 4249 655 4297 suam
678 4222 876 4320 assignandi
901 4221 1041 4297 lormam
1066 4218 1146 4295 huic
1172 4245 1246 4292 coa-

198 4379 233 4445 l²l
246 4382 287 4434 ct.
302 4384 384 4436 ΝΜ
400 4383 538 4449 rumine
549 4387 630 4437 metr.
642 4396 665 4436 c
680 4386 767 4437 ων.
783 4397 808 4437 a.
821 4389 845 4436 l.
1125 4348 1128 4353 ¹
