2804 5062
259 316 326 392 tto
443 338 504 392 uta.
525 336 560 391 tr.
581 337 666 389 srcr.
687 334 818 390 aarum.
834 338 874 388 or
891 333 1018 390 rorrsr.
1035 335 1170 391 acates.

257 458 408 534 minutim
428 455 671 557 'impedimenta
699 454 892 529 dirimentis
921 455 1127 531 constituere
1157 482 1229 532 nou
1255 480 1352 558 possa
1399 534 1400 538 ,

218 642 220 647 ⁴
256 576 340 649 Nam
366 573 538 674 potestatis
564 571 674 646 ciuilis
693 569 857 645 obiectum
874 586 927 645 est
941 571 1070 646 bonum
1088 599 1271 650 commune
1289 574 1355 649 sub

256 690 400 767 ditonum
427 704 524 788 prout
541 689 624 760 ciues
642 702 722 761 sunt
738 700 771 760 et
787 686 937 761 membra
955 687 1129 765 societatis
1145 689 1205 764 oui
1224 706 1358 792 potestas

256 805 332 906 ipsa
358 822 509 904 praeest,
530 828 700 903 quamque
724 800 809 900 regit
824 827 865 875 ao
880 801 1085 877 moderatur.
1109 805 1233 879 Totum
1250 805 1360 879 idcirco

257 920 423 995 eiusmodi
447 919 613 999 obiectum
638 934 808 992 externum
835 931 902 1005 est,
923 940 991 992 non
1009 934 1124 993 autem
1140 919 1312 995 internum
1326 945 1359 994 ac

258 1032 483 1121 individuale,
498 1032 589 1133 quod
603 1030 645 1106 ab
658 1031 805 1107 humano
822 1032 1016 1132 principatu
1033 1056 1098 1109 nec
1116 1034 1250 1110 directe
1264 1061 1360 1135 nequa

257 1149 419 1224 indirecte
442 1163 551 1248 potest
572 1148 712 1247 attingi,
735 1163 849 1248 utpote
871 1147 1040 1223 humanae
1062 1149 1267 1230 directionis
1283 1153 1360 1225 inca·

257 1291 343 1365 pax,
367 1290 443 1340 oum
464 1263 527 1338 soli
554 1265 624 1337 Deo
649 1278 749 1363 atquc
774 1255 998 1338 conscientiae
1023 1278 1150 1363 pateat.
1175 1265 1265 1340 llinc
1281 1265 1358 1364 leges

257 1404 347 1452 mera
371 1377 539 1451 humanae
562 1392 717 1478 poterunt
732 1376 870 1476 quidem
887 1393 983 1452 actus
1000 1393 1159 1471 externos
1177 1380 1302 1456 muium
1318 1406 1359 1455 re·

257 1492 632 1593 lationesquesociales
657 1492 783 1567 civium
802 1493 875 1567 sive
896 1492 982 1567 inter
996 1519 1056 1581 se,
1079 1495 1158 1571 siue
1179 1519 1258 1571 cum
1282 1497 1360 1597 prin·

257 1608 333 1707 cipe
357 1609 432 1707 ipso
455 1606 607 1694 afficere3
638 1622 794 1707 poterunt
816 1633 905 1707 quae
930 1606 1100 1707 publicam
1127 1625 1190 1684 aut
1212 1611 1359 1710 primm

257 1745 387 1795 morum
414 1721 647 1808 honestatem,
674 1720 820 1820 quietem
850 1746 890 1795 ac
918 1722 1202 1822 tranquillitatem
1231 1723 1360 1799 felicita·

259 1851 390 1936 temque
403 1834 617 1934 temporalem
632 1835 843 1910 subditorum
856 1835 1022 1933 attingunt
1034 1862 1255 1938 promovere,
1271 1855 1358 1938 atquc

258 1951 410 2039 amoliri,
433 1950 606 2051 quasillis
626 1951 863 2038 adversantur;
890 1967 1046 2050 poterunt
1070 1953 1109 2025 in
1135 1952 1360 2055 delinquentes

257 2066 375 2165 poenis
389 2065 665 2151 animadvertere,
683 2091 723 2140 ac
735 2064 765 2139 si
780 2091 868 2166 qnae
880 2065 947 2139 alia
960 2081 1038 2138 sunt
1054 2066 1271 2142 huiusmodi.
1282 2069 1360 2140 lntra

258 2179 349 2254 hunc
362 2179 493 2281 cyclum
511 2197 580 2256 tota
596 2193 782 2254 coarctatur
797 2180 947 2254 humana
960 2197 1127 2280 potestas;
1148 2199 1245 2258 extra
1262 2183 1360 2284 ipsum

260 2294 327 2370 iam
347 2322 414 2370 non
433 2295 553 2396 poterit
574 2320 765 2382 excurrere,
786 2295 868 2396 quie
887 2295 1026 2370 mamria
1040 2323 1079 2371 se
1092 2297 1267 2372 subtrahit
1282 2295 1361 2370 illius

258 2409 405 2498 obtutui,
422 2436 483 2484 nec
500 2410 721 2483 humanarum
738 2410 849 2508 legum
870 2411 1036 2485 obiectum
1052 2437 1131 2487 essa
1152 2428 1266 2512 potest
1279 2413 1358 2509 (11).

332 2525 402 2597 lam
426 2551 506 2598 vero
526 2524 675 2621 coniugii
695 2524 869 2599 vinculum
891 2523 981 2598 unde
998 2526 1104 2598 oritur
1126 2528 1275 2601 societas
1295 2551 1362 2599 con-

259 2637 379 2733 iugalis
405 2653 508 2711 totum
535 2638 701 2711 internum
725 2653 793 2725 est,
819 2655 920 2737 atque
943 2639 985 2711 ad
1009 2640 1242 2714 conscientiae
1266 2641 1361 2714 lorum

258 2751 357 2823 unice
382 2768 527 2850 spectat;
552 2752 595 2824 ab
612 2770 688 2826 actu
704 2778 795 2826 mere
820 2754 950 2827 interno
974 2753 1158 2828 voluntatis
1185 2756 1360 2841 enascitur,

258 2864 312 2936 cui
338 2864 428 2937 nulla
454 2864 600 2938 humana
625 2882 793 2966 potestas,
815 2868 844 2940 si
863 2867 970 2955 desit,
1000 2867 1160 2966 supplere
1186 2885 1314 2968 potest,
1332 2882 1364 2939 nt

259 2980 452 3054 incaeteris
471 2980 695 3055 contractibus
718 3008 827 3054 rerum
846 2999 1073 3070 externarum,
1094 3009 1186 3082 quae
1204 2984 1362 3057 humanae

257 3095 470 3196 dispositioni
488 3114 521 3170 et
540 3098 726 3172 auctoritati
753 3097 893 3172 subesse
918 3114 1078 3197 possunt,
1104 3099 1298 3174 cuiusmodi
1314 3126 1358 3172 er.

328 3327 378 3390 (11)
395 3327 434 3377 ct.
450 3328 522 3377 Biner
535 3340 575 3390 op.
586 3330 610 3376 ot
622 3326 669 3376 loc.
683 3327 725 3377 cit.
736 3341 761 3390 p.
772 3329 791 3377 1.
802 3341 824 3377 c.
836 3330 856 3377 1.
868 3342 894 3390 q.
907 3334 930 3377 5.
941 3326 1100 3378 conclaubi
1111 3328 1177 3378 inter
1185 3331 1267 3379 cetera
1275 3328 1362 3379 scribit:

258 3426 270 3449 a
279 3406 413 3469 tiisparitas
428 3405 578 3455 desumenda
593 3408 630 3455 est
643 3419 673 3454 ex
687 3407 734 3454 tino
750 3407 878 3468 utriusqus
896 3407 1034 3469 potestatis,
1049 3407 1234 3459 ecclesiasticae
1250 3408 1363 3458 sciliceta

256 3484 378 3546 politicae.
391 3484 435 3534 illa
448 3484 569 3546 siquidem
580 3497 626 3547 pro
637 3483 684 3533 tine
695 3484 768 3532 trabat
779 3486 870 3533 rectam
887 3484 1087 3546 gubernationem
1101 3486 1285 3538 ecclesiasticae
1296 3487 1363 3548 reipu-

257 3564 336 3614 blicae
353 3565 378 3613 in
397 3565 482 3613 ordine
501 3564 533 3612 ad
553 3564 625 3614 tinem
645 3564 871 3627 supernaturalem,
888 3564 1062 3614 beatitudinem
1082 3578 1173 3629 nempe
1194 3562 1363 3617 aeternamrrd

257 3658 331 3706 quem
354 3644 426 3692 finem
450 3647 518 3692 actus
539 3643 629 3692 interni
649 3644 792 3706 cumprimis
810 3643 940 3706 opportuni
960 3647 1017 3693 sunt
1034 3647 1058 3693 et
1075 3647 1219 3695 necessarii.
1233 3647 1299 3695 Finis
1314 3656 1363 3692 rere

258 3721 384 3784 potestatis
399 3725 424 3770 et
441 3722 616 3772 iurisdictionis
632 3723 747 3784 politicae
763 3725 800 3771 est
817 3725 883 3771 recta
900 3722 1043 3784 gubernatio
1058 3723 1213 3786 reipublicae
1222 3723 1363 3775 secularisio

257 3801 342 3850 ordine
353 3800 382 3849 ud
395 3801 488 3850 felicem
499 3800 607 3850 eiusdem
617 3803 708 3850 statum
723 3801 804 3863 quoad
818 3804 919 3850 externa
934 3801 1118 3865 procurandum
1128 3807 1153 3853 et
1163 3803 1361 3855 conservandum:

259 3883 286 3928 nt
297 3893 383 3941 nempe
394 3880 555 3943 persalubres
574 3881 637 3942 loges
656 3894 701 3942 pax
718 3883 743 3928 et
755 3881 920 3943 tranquillitas
938 3881 1028 3930 cisium
1046 3882 1177 3947 foveatur,
1190 3885 1364 3934 administretur

256 3960 362 4022 iustitia,
382 3973 452 4009 nemo
471 3960 501 4009 ab
518 3961 595 4010 altero
613 3960 737 4018 laedatur,
750 3964 775 4010 et
784 3974 856 4010 suom
867 3962 956 4024 cuique
973 3962 1119 4011 tribuatur»
1131 3964 1206 4021 Quod
1222 3964 1309 4016 deiude
1320 3962 1364 4012 rur

258 4039 432 4101 prosequitur,
452 4040 575 4102 solvitque
595 4039 775 4106 difficultates,
794 4054 857 4101 quae
878 4041 936 4090 huic
958 4041 1078 4105 principio
1094 4044 1224 4095 adversari
1244 4043 1362 4100 ridentum

257 4118 412 4181 ostenditque
423 4132 500 4182 neque
512 4118 609 4168 directe
623 4133 701 4182 nequo
718 4119 844 4170 indirecte
864 4121 998 4170 humanum
1018 4121 1184 4184 legislatorem
1199 4137 1257 4174 cum
1268 4119 1362 4173 extante

259 4210 329 4259 posse
337 4202 405 4247 ectus
415 4199 522 4248 internos
531 4200 668 4262 praecipere
676 4202 719 4248 ant
726 4200 862 4262 prohibere.
870 4200 985 4249 sufficere
993 4213 1052 4249 vero
1059 4201 1082 4250 ei
1091 4214 1242 4252 consensum
1252 4203 1360 4252 internum

259 4276 285 4323 iu
296 4280 419 4327 contrecta
432 4281 489 4327 turc
501 4278 622 4328 naturali
633 4278 722 4342 requiri
734 4292 765 4328 ne
775 4281 926 4330 contraimus
942 4281 1082 4341 mentiatur,
1095 4292 1125 4329 ac
1136 4281 1243 4332 alterum
1256 4278 1355 4343 coeptat.
