2804 5062
225 352 344 405 utrm.
356 349 745 408 murmurarunt.
757 349 791 403 nt
804 350 899 404 narn.
915 352 979 405 ιιι.
993 352 1062 404 ιιι.
1079 352 1127 406 ιιι.
1180 330 1249 407 1tt

168 487 257 569 puteat
269 469 454 572 qrreudibet
465 470 662 570 episcopum
680 495 895 572 promouere,
911 471 1109 572 quinetiam
1124 474 1250 550 estien-

164 586 201 660 eis
218 587 411 687 episeopus
423 601 596 661 consecrat
614 611 749 686 papam.
766 585 854 684 Ergo
874 586 1077 687 episcopalis
1099 588 1248 686 dignius

161 700 362 777 inomnilsus
387 698 636 801 estnequnlie,
658 717 691 775 et
714 701 765 776 sio
784 727 873 776 unus
898 703 1080 804 episeopus
1104 729 1171 779 non
1195 703 1253 780 de

157 814 201 890 het
219 816 279 891 ntii
303 816 459 898 subesse.
478 846 497 888 n

213 932 316 1031 hp.
329 949 354 1002 ἰι
363 931 571 1021 meandum,
591 931 682 1032 quod
700 946 848 1033 potestas
869 933 1055 1009 sacerdotis
1078 932 1252 1008 nxnndiur
1286 1022 1288 1027 ι

151 1073 169 1121 ιι
188 1061 353 1147 potestate
377 1045 549 1147 episeopi‚
578 1047 677 1146 quasi
702 1073 724 1120 a
749 1061 913 1147 potestate
933 1047 1070 1123 alterius
1091 1048 1244 1146 generis:

148 1161 204 1236 sed
221 1176 372 1262 potesne
394 1160 546 1260 episcopi
571 1160 744 1236 exceditur
764 1188 785 1234 a
805 1177 967 1261 potestate
991 1164 1121 1262 Papae,
1145 1161 1246 1264 quasi

148 1291 352 1377 apotestate
380 1275 533 1351 eiusdem
555 1276 702 1383 generis.
726 1276 769 1350 Et
787 1276 863 1351 ideo
887 1302 1019 1351 omnem
1039 1292 1149 1352 actum
1174 1277 1249 1352 hie-

145 1390 350 1479 rnrnhieum,
371 1415 473 1490 quem
497 1406 607 1490 potest
628 1390 736 1464 faeere
757 1392 848 1492 Papa
872 1392 908 1464 in
929 1392 1173 1467 ministratione
1190 1417 1247 1467 ea-

144 1520 408 1592 mentorum,
429 1520 538 1606 potest
557 1504 880 1605 iaoereepisoopus,
900 1532 966 1581 non
984 1522 1095 1580 autem
1112 1531 1247 1581 omnem

144 1637 270 1708 aetum,
295 1646 400 1720 φιοιιι
424 1634 535 1719 potest
558 1619 667 1694 faeere
698 1620 879 1720 episeopus
909 1635 1019 1719 potest
1046 1620 1156 1695 iacere
1192 1647 1248 1696 sa·

144 1736 255 1811 oadoe
279 1736 319 1807 in
345 1749 627 1809 aeramentorum
652 1733 840 1810 collatione.
861 1735 903 1808 Et
923 1735 999 1810 ideo
1022 1750 1185 1836 quantum
1202 1735 1247 1808 ad

144 1876 194 1939 u,
212 1877 307 1951 qnae
336 1864 418 1925 sunt
439 1849 642 1950 episoopnlis
666 1850 819 1936 ordinis,
847 1875 963 1924 omnes
992 1849 1142 1950 episcopi
1167 1864 1248 1923 sunt

144 1965 317 2065 aupnnles:
344 1979 379 2039 et
395 1979 529 2064 propter
553 1964 617 2040 hoo
641 1963 784 2063 quilibet
804 1962 983 2064 opisoopus
1005 1979 1115 2062 potest
1138 1963 1243 2039 alium

145 2105 375 2157 annosorum.»

206 2197 257 2270 Ex
268 2195 399 2297 quibua
413 2212 504 2296 patet
521 2197 596 2271 ideo
614 2195 802 2270 affirmasse
815 2222 844 2269 s.
856 2196 1030 2270 Ductorem
1046 2195 1241 2295 episcopum

145 2311 297 2387 moedere
319 2327 515 2412 potestatem
536 2311 722 2385 saoerdotis
746 2310 1051 2408 medumpam,
1077 2325 1244 2410 quatenus
1332 2311 1334 2315 ’

148 2425 257 2501 tnitnr
272 2441 441 2526 potestate
460 2424 589 2499 ordinis
606 2425 679 2499 sive
695 2423 937 2512 ordinationis,
956 2450 1043 2524 quae
1056 2450 1122 2497 non
1136 2439 1247 2523 potest

146 2542 315 2617 onnrenire
336 2540 520 2628 sacerdoti,
540 2541 600 2640 qui
618 2567 658 2615 en
679 2540 858 2614 destitutus
879 2556 941 2613 est.
963 2540 1046 2612 Cum
1067 2564 1145 2614 vero
1161 2539 1246 2613 haee

147 2655 266 2730 ordinis
278 2655 630 2756 pntesusuommunis
642 2656 688 2730 eit
699 2655 870 2754 episcopis
887 2654 1043 2729 omnibus
1060 2680 1137 2728 cum
1156 2681 1240 2729 rom.

148 2770 318 2869 pontifice,
337 2796 437 2870 quem
454 2769 554 2843 etiam
573 2769 752 2870 epiecopus
766 2783 876 2867 potest
889 2794 1101 2856 mnsoorare,
1121 2767 1244 2842 exinde

148 2884 248 2967 intulit
272 2911 360 2959 rom.
386 2884 579 2984 pontifioem
604 2898 800 2983 potestatem
824 2883 985 2957 exoedere
1009 2884 1245 2984 episcoporum

149 2997 174 3070 in
193 3000 305 3074 endem
328 3025 454 3098 ponere.
474 2997 615 3073 Excellit
631 3014 739 3072 autem
754 2998 789 3070 in
802 3015 964 3098 potestate
981 2998 1153 3096 regiminis
1170 2997 1244 3096 epi·

147 3115 248 3215 soopis
272 3113 458 3201 omnibus,
485 3113 610 3214 quibus
639 3129 772 3212 praeest
801 3128 971 3212 umquam
1001 3126 1122 3211 eaput,
1147 3127 1179 3184 et
1203 3135 1245 3182 ex

145 3252 203 3327 quo
225 3230 325 3303 iuxta
347 3227 544 3326 Angelioum
574 3243 828 3329 praeceptorem.
858 3228 969 3301 omnis
1000 3252 1114 3300 eorum
1147 3225 1245 3299 iuris·

145 3342 238 3419 dicun
256 3343 422 3444 provenit.
443 3344 498 3417 Sio
515 3343 606 3416 enim
630 3343 665 3415 in
690 3343 807 3417 eodem
832 3340 972 3415 artionlo
989 3341 1024 3412 in
1042 3366 1132 3440 resp.
1143 3338 1187 3412 ad
1205 3342 1240 3412 1.

144 3459 277 3534 scribit:
297 3489 317 3528 ιι
328 3458 489 3545 Quamvis
506 3457 663 3532 omnibus
680 3457 850 3558 episeopis
868 3456 948 3530 deta
965 3455 1010 3529 sit
1023 3455 1245 3530 oommuniter

144 3591 287 3673 potestas
309 3573 438 3672 ligandi
455 3590 556 3673 atque
575 3572 744 3660 solvendi,
764 3587 874 3645 tamen
892 3587 928 3644 ut
946 3571 980 3643 in
999 3570 1064 3645 heo
1081 3585 1245 3671 potestate

143 3690 220 3764 ordo
234 3687 365 3789 aliquis
382 3688 589 3787 signaretur,
606 3688 713 3788 primo
731 3687 794 3762 soli
809 3689 905 3762 Petro
921 3687 1000 3761 data
1011 3703 1079 3773 est,
1094 3702 1131 3758 ut
1144 3701 1245 3758 osten·

142 3805 236 3877 duur
264 3803 353 3904 quod
380 3805 423 3877 ab
453 3831 487 3876 oo
517 3807 553 3876 in
581 3805 665 3877 altos
698 3805 764 3876 ista
787 3818 930 3901 potestus
967 3802 1079 3875 debeat
1113 3799 1241 3873 &eoem

143 3917 210 3993 dere
238 3920 505 4020 (tt).»1tnqne
527 3943 664 4020 prorsus
689 3917 750 3993 abs
778 3945 813 3992 re
837 3917 1015 3992 auctoritas
1042 3942 1071 3988 s.
1096 3912 1242 3987 Thomae

144 4031 214 4110 heiu
234 4035 387 4109 effertur.

206 4294 258 4359 (at)
271 4295 310 4346 ct.
325 4294 412 4347 cudit
429 4308 470 4359 op.
482 4297 507 4346 et
523 4296 570 4347 too.
581 4296 624 4347 ott.

219 4427 244 4482 ΙΙ
