2804 5062
161 375 231 449 tat
335 394 1023 459 .-amiseramusrossemannas.
1080 420 1092 457 ·‚

160 517 281 617 tractui
305 513 348 591 ad
372 513 603 591 sublimiorem
634 514 835 589 sacramenti
859 513 1059 612 dignitatem
1076 531 1270 605 eruam-ae

158 631 299 733 proinde
325 632 368 706 de
392 632 681 707 matrimoniorum
706 630 880 704 validitate
905 646 972 715 aut·
987 629 1203 706 invaliditate
1227 634 1272 709 iu·

158 748 293 825 dicium¹
310 748 416 836 lerre;
448 748 538 849 quod
566 763 634 823 tarn
665 747 805 846 planum
830 762 883 823 est
905 762 1017 847 atque.
1033 748 1269 848 perspicuum,

157 879 195 937 ut
220 879 337 939 sancta
362 890 402 937 ac
425 863 629 938 universalis
657 862 832 964 synodus,
862 860 1004 961 cupiens
1028 884 1211 944 occurrere
1234 879 1272 937 te

156 981 300 1054 meritati
313 1006 446 1068 eorum,
465 980 523 1080 qui
545 979 669 1079 aoripto
688 993 722 1053 et
737 978 841 1052 verbo
860 994 1098 1066 asseruerunt,
1115 994 1156 1055 ut
1175 981 1271 1055 etiae

158 1122 248 1171 nunc
272 1095 569 1185 multi'asserant,
599 1097 640 1170 ab
666 1097 817 1169 ecelesiae
844 1096 1025 1171 catholicae
1048 1123 1150 1171 sensa
1181 1097 1271 1173 etal

155 1212 374 1308 apostoloram
397 1212 591 1310 temporibus
605 1212 747 1309 prolrota
772 1209 1000 1286 comaetndinc
1017 1211 1150 1296 aliena,
1182 1237 1272 1311 pecu

155 1325 272 1401 liarem
290 1326 394 1400 alium
411 1354 574 1401 canonem
592 1326 783 1400 addendum
806 1325 874 1400 sibi
893 1352 969 1401 esse
984 1326 1103 1415 duxit,
1120 1328 1270 1427 quouni·

154 1443 279 1516 uersim
305 1443 490 1518 declararet
514 1460 616 1544 atque
638 1443 802 1530 sanciret,
822 1458 879 1531 ut,
907 1445 1033 1541 siparis
1054 1442 1186 1517 dicerit
1205 1471 1269 1521 oea

154 1585 209 1632 scs
235 1561 492 1633 matrimoniales
514 1588 578 1633 non
611 1575 757 1658 spectare
792 1558 836 1632 ad
855 1558 978 1633 indices
1007 1561 1264 1646 occasionem,

153 1676 267 1747 anotlr.
301 1677 357 1749 sit.
392 1677 546 1774 Ignotum
581 1675 680 1748 nobis
712 1701 779 1748 non
815 1692 888 1762 est,
923 1675 1092 1774 quosdam
1125 1677 1263 1763 adan,

152 1789 212 1889 qui
239 1790 441 1864 secularium
460 1789 652 1890 principum
675 1788 867 1864 auctoritati
890 1789 967 1889 plus
992 1789 1100 1863 nimio
1125 1789 1265 1868 tribuen-

153 1921 229 1995 tes,
261 1920 296 1980 et
327 1906 443 1980 verba
460 1907 564 1982 huius
599 1906 738 1980 canonis
770 1906 920 2005 captiose
951 1909 1211 2005 interpretantes
1236 1904 1265 1981 il

151 2021 211 2094 lud
231 2022 476 2096 defendendum
495 2023 724 2122 susceperint,
752 2037 809 2109 ut,
838 2021 998 2121 quoniam
1026 2021 1205 2096 tridentini
1220 2038 1264 2125 pa

152 2153 219 2210 tres
246 2137 310 2212 hac
339 2138 475 2212 dicendi
504 2138 647 2212 formula
674 2137 728 2208 usi
761 2163 828 2209 non
855 2135 997 2222 suerint,
1028 2135 1073 2209 od
1106 2139 1194 2212 solos
1222 2139 1262 2211 ite

151 2253 240 2327 dices
270 2256 521 2340 eccksinsticos,
553 2270 612 2327 aut
637 2280 746 2327 omncs
772 2279 890 2326 censos
910 2253 1194 2339 matrimoniales,
1217 2272 1262 2354 po

152 2385 303 2443 testatem
333 2371 532 2471 reliquerint
561 2370 731 2444 iudicibus
762 2369 860 2443 laicis
894 2368 1121 2465 cognoscendi
1154 2368 1261 2445 salter

149 2512 272 2559 causas
305 2487 568 2560 matrimoniales
595 2513 682 2586 quae
707 2500 787 2559 sunt
812 2487 896 2557 neeri
914 2486 1009 2584 [acti.
1045 2484 1112 2557 Sed
1145 2487 1259 2560 scimus

149 2602 249 2673 etiam
275 2603 364 2674 hanc
390 2603 659 2701 captiunculam,
689 2619 722 2675 et
747 2601 848 2674 lallax
867 2602 933 2675 hoc
957 2600 1138 2676 cavillandi
1166 2626 1259 2701 genua

151 2718 241 2789 omni
269 2718 485 2792 fundamento
510 2719 660 2792 destitui.
688 2717 796 2790 Verba
821 2718 910 2790 eninr
937 2719 1078 2791 canonis
1097 2718 1259 2815 generalia

149 2850 247 2919 sunt,
268 2861 384 2907 omnes
409 2852 446 2907 ut
471 2863 590 2908 causas
618 2835 905 2934 comprehendant
930 2850 962 2906 ct
986 2833 1255 2933 complectantur.

147 2950 292 3048 Spiritus
324 2977 403 3024 vero
435 2952 507 3024 sire
537 2952 620 3024 ratio
652 2952 736 3049 legis
767 2952 852 3024 adeo
882 2950 948 3024 late
977 2967 1089 3050 patet,
1120 2954 1163 3025 'ut
1194 2949 1259 3025 nul·

148 3064 217 3136 lum
242 3067 450 3164 exceptioni,
472 3083 528 3138 aut
554 3066 741 3140 limitationi
771 3065 880 3139 locum
912 3066 1092 3165 relinquat.
1113 3066 1151 3138 Si
1178 3067 1256 3145 enim

147 3183 211 3256 hae
236 3210 359 3256 causae
386 3210 451 3256 non
478 3183 545 3255 alia
571 3185 698 3256 ratione
716 3186 885 3283 pertinent
910 3184 953 3256 ad
971 3211 1076 3256 unum
1105 3184 1257 3258 ecclesiae

146 3297 328 3386 iudicium,
357 3300 424 3372 nisi
451 3300 531 3399 quia
556 3317 745 3372 contractus
772 3299 1032 3371 matrimonialis
1055 3315 1109 3372 est
1134 3310 1258 3374 vereat

146 3415 281 3511 proprie
307 3442 410 3486 unum
436 3442 476 3487 ex
503 3432 631 3514 septem
664 3414 748 3511 legis
780 3414 994 3511 evangelicae
1021 3416 1254 3496 sacramentis,

146 3527 234 3600 sicut
256 3530 338 3602 haec
366 3533 564 3603 sacramenti
585 3533 669 3604 ratio
695 3531 883 3603 communis
902 3546 953 3603 est
976 3530 1129 3602 omm'bas
1155 3528 1256 3604 causis

145 3645 466 3733 matrimonialibus,
496 3648 541 3719 ita
566 3674 673 3718 orrrnes
699 3647 764 3717 hae
782 3673 905 3718 causae
924 3661 1079 3744 spectant
1103 3649 1198 3718 arrico
1222 3640 1255 3717 sd

144 3758 272 3832 iudices
300 3761 568 3848 ecclesiasticos,
591 3789 666 3834 curn
694 3761 810 3833 eadem
839 3762 882 3833 sit
907 3762 991 3834 ratio
1019 3762 1055 3832 in
1080 3762 1252 3842 omnibus;

142 3890 179 3946 ut
204 3902 344 3949 concors
370 3894 421 3950 est
446 3879 694 3951 canonistarum
714 3879 897 3966 sententia,
921 3906 962 3950 no
988 3877 1031 3949 iis
1049 3877 1191 3977 quidem
1210 3900 1254 3950 ar·

142 3991 266 4085 ceptis,
288 3995 347 4091 qui
368 3995 504 4066 minime
528 3996 638 4066 lavere
656 3995 820 4067 ecclesiae
839 3995 968 4067 iuribus
988 3995 1072 4067 satis
1092 4015 1252 4094 superque

142 4128 256 4176 eorum
275 4109 401 4208 scripta
422 4110 663 4183 demonstrant.
686 4111 817 4183 Etenim
841 4126 876 4182 ut
894 4110 1006 4182 vorbis
1023 4126 1163 4183 utamur
1178 4110 1251 4180 llan-

140 4218 254 4318 Espen
272 4223 479 4317 (iuseccles.
497 4252 531 4325 p.
549 4228 608 4296 lll.
628 4227 679 4298 tit.
698 4229 732 4297 2.
749 4253 780 4298 c.
799 4228 831 4296 1.
849 4253 883 4296 n.
905 4228 937 4297 l.
956 4241 988 4298 et
1002 4254 1036 4296 n.
1055 4229 1116 4299 11.
1134 4245 1167 4300 et
1181 4221 1247 4310 tt.)

147 4333 305 4408 Unanimi
329 4364 482 4413 consensa
507 4357 669 4440 receptam
693 4357 739 4414 est
765 4367 881 4417 causas
899 4357 1180 4417 sacramentorum
1194 4357 1248 4412 esst
