2804 5062
115 425 1053 479 curmnnmrnmnucruur.scvnneuuenrnnnru.
1107 406 1173 480 281

64 544 308 644 appellandus,
336 544 394 644 qui
420 543 537 618 relicto
561 570 624 619 suo
649 544 836 632 domicilio,
865 545 980 619 sedem
999 546 1034 617 in
1057 548 1179 622 exteris

64 661 160 734 terris
188 661 350 760 inquirit,
379 675 416 733 ut
440 686 480 733 er
506 661 579 734 iure
610 660 885 761 deprehenditur.
918 663 1040 735 «Puto
1066 678 1177 737 autem

62 790 93 849 ct
116 775 185 849 hoe
209 777 390 876 procedere
415 803 533 878 posse,
555 777 703 877 siquis,
728 776 899 852 domicilio
924 777 1062 866 relicto,
1084 778 1179 852 nari-

62 909 133 991 gut,
162 892 229 966 iter
253 892 379 966 faciens
400 909 555 993 quaerat,
577 919 645 993 quo
663 919 701 967 se
718 894 886 980 conferat,
907 909 1008 993 atque
1024 892 1082 967 ubi
1101 919 1178 968 con-

62 1008 181 1094 sistat;
213 1032 292 1080 nam
318 1006 411 1080 hunc
441 1023 522 1107 puto
547 1008 622 1081 sine
641 1008 811 1081 domicilio
836 1034 913 1081 esse
933 1011 1179 1105 (180).»Pcre·

61 1125 178 1222 prinus
203 1140 315 1196 autem
340 1124 371 1196 is
396 1139 630 1223 nuncupatur,
651 1124 711 1224 qui
733 1150 773 1196 er
792 1123 964 1199 uoluntate
988 1124 1053 1199 iter
1075 1125 1175 1213 iacit,

60 1253 95 1310 ut
118 1237 165 1311 ad
191 1237 371 1337 pristinum
396 1239 605 1312 domicilium
631 1254 748 1311 exacta
774 1241 1053 1338 peregrinatione·
1070 1230 1180 1314 reven-

61 1367 149 1426 tatur
166 1354 308 1449 (181).»
322 1355 486 1451 Vagorum
508 1381 606 1456 porro
628 1354 798 1454 parochus
823 1354 854 1428 is
880 1354 1004 1429 dicitur
1024 1357 1059 1426 in
1081 1356 1179 1430 euius

60 1467 193 1543 ditione
217 1467 266 1539 illi
292 1484 470 1542 versantur
485 1470 598 1565 (182),
615 1469 705 1568 quod
725 1469 849 1567 pariter
865 1468 1085 1546 asserendum
1107 1484 1176 1558 est,
1294 1498 1297 1504 ·

61 1580 136 1656 licet
163 1581 253 1655 alter
276 1582 384 1657 solum
410 1610 450 1655 ex
477 1582 566 1671 illis,
587 1584 646 1684 qui
665 1584 858 1682 coniugium
885 1600 1028 1685 petunt,
1056 1610 1179 1683 vagan-

61 1698 144 1771 tium
167 1724 311 1775 nomem
331 1699 554 1774 adscribatur.
576 1700 747 1775 Parochus
760 1725 840 1774 vero
851 1693 1102 1800 peregrinorum
1121 1699 1179 1775 ille

62 1812 243 1888 habendus
267 1815 378 1888 estin
409 1815 507 1888 euius
540 1815 667 1889 ditione
697 1832 749 1887 est
774 1813 924 1913 ipsorum
954 1814 1175 1889 domicilium.

60 1929 144 2003 Cum
170 1945 305 2016 autem,
327 1945 366 2003 ut
389 1930 582 2016 innuimus,
608 1931 773 2029 peregrini
797 1945 831 2005 et
849 1930 925 2027 vagi
945 1930 1074 2029 passim
1093 1924 1180 2004 inter

60 2070 94 2119 se
117 2045 393 2135 confundantur,
420 2063 454 2119 et
479 2047 619 2120 istorum
651 2046 787 2146 quidem
816 2046 964 2119 validum
991 2046 1036 2119 sit
1061 2047 1179 2121 coniu-

60 2162 152 2260 gium
174 2161 378 2235 celebratum
400 2189 512 2236 coram
533 2164 680 2263 parocho
698 2163 784 2250 loci,
804 2162 863 2236 uhi
882 2161 1085 2250 subsistunt,
1103 2155 1178 2237 con-

60 2294 109 2351 tra
128 2303 215 2351 vero
232 2277 366 2351 illorum
385 2277 570 2353 invalidum
588 2294 651 2367 est,
673 2304 749 2351 cum
770 2279 857 2351 inira
878 2278 1012 2379 nuptias
1034 2277 1180 2351 debeant

59 2418 173 2469 eoram
200 2393 348 2494 parocho
378 2393 443 2469 loci
469 2395 503 2466 in
531 2420 600 2495 quo
625 2396 768 2468 retinent
795 2381 1026 2482 domicilium,
1058 2383 1179 2468 exinde

60 2509 217 2611 nequitum
239 2508 362 2582 debere
387 2508 506 2583 sedulo
533 2510 697 2610 parochos
728 2509 936 2583 sanctionem
962 2500 1106 2582 concilii
1119 2510 1179 2582 tri-

58 2623 190 2698 dentini
211 2625 397 2698 executioni
416 2626 594 2698 mandare:
614 2624 801 2698 «Parochis
828 2616 938 2697 autem
955 2624 1120 2724 praecipit
1135 2650 1179 2700 ne

59 2724 195 2814 illorum
222 2740 448 2815 matrimoniis
473 2742 651 2829 intersint,
681 2741 747 2813 nisi
781 2742 876 2841 prius
905 2739 1100 2838 diligentem
1120 2740 1179 2813 'in-

60 2858 279 2957 quisitionem
306 2859 466 2946 fecerint,
496 2874 529 2932 et
554 2883 590 2930 re
614 2857 658 2930 ad
682 2858 890 2931 ordinarium
910 2857 1046 2947 delata,
1071 2858 1113 2931 ab
1138 2883 1179 2933 eu

60 2973 232 3048 licentiam
254 2973 288 3046 id
313 2974 458 3047 faciendi
484 2974 688 3047 obtinuerint
705 2976 843 3069 (183).»
1141 2963 1144 2969 ’

135 3089 234 3176 Quae
267 3091 310 3162 de
340 3090 527 3192 peregrinis
562 3090 740 3176 diximus,
777 3089 835 3186 qui
868 3088 1063 3186 coniugium
1091 3087 1179 3162 eele-

60 3207 160 3280 hrant
185 3207 423 3306 praetermisso
443 3204 593 3305 parocho
616 3205 741 3305 proprii
767 3203 952 3291 domicilii,
981 3204 1178 3277 confirman-

60 3340 113 3397 tur
138 3349 181 3396 ex
207 3324 341 3401 decreto
371 3349 437 3396 sac.
471 3322 591 3396 concil.
617 3320 911 3418 congregationis,
942 3321 998 3392 die
1033 3320 1091 3391 22.
1122 3321 1178 3394 Fe·

60 3439 176 3513 bruar,
208 3441 315 3510 tuat.
343 3426 401 3511 his
432 3437 545 3510 verbis
577 3463 758 3536 expresso:
784 3437 915 3508 «Sacra
944 3450 1008 3507 ete.
1043 3433 1176 3508 censuit

60 3556 210 3630 dandam
227 3580 303 3629 esse
320 3553 579 3628 declarationem
594 3553 629 3625 in
644 3552 811 3626 abstracto
825 3553 860 3625 in
874 3551 981 3626 forma
999 3552 1172 3651 sequenti:

131 3830 201 3894 (18⁰)
217 3831 246 3879 1..
259 3830 325 3881 Eius
341 3825 364 3892 §1
375 3826 465 3879 celsus
481 3824 557 3881 llud
572 3825 768 3889 municipalem.

130 3909 201 3974 (tat)
216 3908 256 3961 ct.
267 3911 341 3971 (ἕως.
352 3907 512 3970 ltoslgnolum
522 3908 775 3969 connuncupant.
788 3906 849 3957 tom.
863 3905 883 3955 1.
894 3905 1047 3955 contrectat
1060 3907 1097 3953 15.
1107 3914 1176 3967 prae·
1253 3907 1256 3912 ·

60 3995 110 4044 ut.
122 3998 165 4045 2².
177 4004 205 4041 u.
218 3994 242 4040 t.
254 3988 355 4040 Mediol.
370 3995 438 4039 tuso.
450 4001 506 4052 pag.
516 3992 554 4038 70.

131 4072 201 4137 (1⁸2)
217 4070 327 4122 sauchec
336 4072 373 4119 Dc
383 4071 500 4118 matrtm.
513 4067 557 4117 lio.
568 4069 612 4116 ΙΙΙ.
623 4066 686 4130 disp.
700 4073 737 4117 25.
750 4079 775 4116 n.
788 4074 809 4116 1.
818 4064 925 4115 Bsrboea
937 4067 974 4114 Dc
983 4061 1055 4126 offic.
1065 4065 1091 4113 ct
1103 4065 1176 4127 pote·

38 4172 41 4178 ·
58 4154 120 4202 rtct.
130 4148 464 4216 peroehtpar.11.c.2t.n.
476 4152 515 4198 aa.
528 4144 641 4209 Lugduni
657 4151 725 4195 tusa.
738 4157 794 4208 pag.
810 4151 862 4196 192.
874 4142 1034 4194 cabaseut.ln
1050 4140 1178 4192 Theonot

55 4234 152 4296 procu
167 4233 224 4281 tar.
240 4240 335 4281 coron.
352 4225 396 4278 lib.
413 4227 456 4277 111.
468 4239 491 4278 c.
501 4231 540 4276 aa.
549 4238 575 4276 n.
589 4226 626 4277 u.
637 4224 751 4290 Pirlung.
760 4223 794 4277 ad
807 4223 852 4277 lib.
865 4224 908 4275 lv.
919 4224 1020 4277 Deerat.
1031 4220 1071 4272 tit.
1083 4222 1127 4272 111.
1140 4221 1180 4272 ne

60 4309 220 4363 claudente.
233 4307 257 4372 §.
268 4309 313 4357 111.
323 4320 347 4357 o.
362 4314 400 4362 19.

133 4386 203 4454 (tet)
218 4390 283 4440 sess.
295 4389 382 4439 xxlv.
395 4389 433 4440 De
444 4384 495 4449 res.
508 4388 624 4438 matrim.
636 4397 690 4449 esp.
699 4388 723 4435 7.
