2804 5062
145 357 215 430 346
337 379 400 432 nn.
421 379 457 433 11.
478 376 565 430 sacr.
586 378 716 434 raram.
737 379 778 433 or
803 379 930 435 rorrsr.
951 380 1060 436 cunr.

144 499 289 601 quibus,
305 516 343 574 ut
355 499 444 575 inira
461 500 631 590 dicemus,
650 527 717 578 non
738 503 839 602 pauci
858 500 1036 601 regalistae
1052 527 1094 577 ac
1110 503 1247 604 pseudo

145 615 274 717 politici
291 615 491 706 abutuntur,
511 644 649 694 normae
669 619 776 695 instar
796 645 874 694 esse
897 634 1060 719 possunt,
1080 635 1120 696 ut
1135 620 1249 696 limites

142 731 253 808 civilis
278 734 452 835 potestatis
477 733 579 812 relate
604 733 649 813 ad
673 735 924 813 matrimonium
949 734 1176 811 christianum
1201 763 1250 838 gc·

143 847 249 924 nerali
276 848 421 950 quadam
451 848 579 925 ratione
607 848 652 925 ab
681 849 777 927 initio
806 849 950 926 huiusce
983 850 1148 929 sectionis
1178 851 1251 927 defi·

145 989 292 1041 uramus.

215 1079 360 1155 Theoria
382 1107 412 1156 e.
432 1082 581 1156 Thomae
605 1081 773 1181 generalis
798 1098 874 1171 est,
901 1107 942 1157 ae
966 1082 1139 1158 veulicari
1163 1081 1253 1158 debet

144 1219 211 1272 non
235 1193 336 1270 modo
360 1195 395 1267 in
419 1195 587 1295 coniugiis
621 1194 836 1285 infidelium,
863 1194 925 1272 sed
950 1197 1052 1271 enam
1077 1195 1249 1284 fidelium,

144 1332 222 1386 curn
242 1323 277 1385 et
297 1309 440 1384 istorum
458 1309 629 1385 connubia
649 1309 751 1386 etiam
777 1309 812 1384 iu
837 1309 986 1386 officium
1012 1310 1084 1386 sint
1107 1310 1252 1386 ordinata

144 1424 413 1514 communitatis,
439 1439 474 1502 et
498 1424 541 1500 ad
566 1424 822 1535 perpetuitatem
843 1425 987 1528 speciei,
1006 1450 1049 1501 aa
1064 1426 1210 1527 proinde
1223 1426 1251 1500 in

144 1539 271 1617 bonum
297 1541 485 1642 politicum.
508 1540 597 1617 Hinc
619 1543 756 1644 nuptiae
775 1539 1037 1619 christianorum
1057 1539 1188 1617 debent
1202 1569 1251 1644 pa·

144 1656 226 1731 riter
250 1655 373 1732 subiici
398 1657 553 1758 politicae
577 1659 761 1759 potestati,
789 1674 889 1759 atque
906 1684 927 1733 a
943 1656 1079 1756 legibus
1103 1657 1250 1734 civilibus

143 1770 259 1871 dirigi.
271 1772 374 1848 Nemo
386 1772 627 1850 catholicorum
639 1772 705 1850 hoc
720 1773 758 1847 in
775 1771 916 1847 dubium
933 1786 1069 1848 mrocat
1086 1773 1135 1847 ita
1152 1789 1250 1849 tamen

146 1902 185 1963 ut
209 1888 271 1962 rite
294 1885 512 1988 intelligatur

216 2002 290 2079 uie
312 2028 392 2100 vero
416 2002 632 2102 intelligitur,
653 2005 684 2100 si
706 2030 764 2103 ea,
783 2029 915 2104 qnae
890 2004 1075 2103 ἰςμςίμεως
1092 2020 1176 2104 sunt
1191 2030 1252 2089 ma·

145 2116 322 2214 ῑτίμιομὶο,
337 2143 519 2220 ipsumque
531 2120 739 2195 constituunt
749 2118 1119 2218 drstrnguanturab
1095 2145 1141 2201 ns
1151 2145 1251 2225 ‚qum

143 2233 333 2317 wrluaeca
349 2250 383 2310 et
399 2235 589 2311 accessoria
610 2234 677 2310 dici
703 2249 960 2335 consueverunt
976 2206 1169 2336 intrinseca
1184 2262 1251 2337 cen

141 2366 281 2450 sepmr,
304 2377 394 2453 quae
412 2351 567 2448 alliciunt
590 2367 745 2428 naturam
772 2352 882 2451 ipsam
907 2365 1010 2452 atque
1034 2327 1250 2450 substantiam

145 2467 315 2567 coniugii,
343 2467 486 2570 eiusque
509 2442 704 2564 vinculum3
733 2468 921 2563 extrinseca
946 2483 1082 2564 autem,
1107 2493 1195 2570 quae
1209 2494 1252 2544 co

144 2583 303 2659 mitantur
333 2599 539 2660 contractum
575 2560 759 2684 nuptialem
793 2582 905 2682 antei
932 2599 1203 2681 supermanant,
1226 2598 1251 2658 et

145 2697 394 2798 quodammodo
407 2699 589 2793 accedunt;
605 2697 728 2800 quade
744 2723 848 2773 causa
861 2699 1041 2797 accessorio
1057 2700 1163 2797 etiam
1180 2725 1250 2795 nun·

143 2814 261 2915 cupari
281 2814 403 2893 solent.

218 2929 289 3020 lam
313 2954 417 3017 vero,
445 2946 482 3005 ut
506 2955 547 3004 ex
571 2930 637 3019 iis,
665 2956 753 3031 qnae
780 2931 814 3003 in
840 2930 943 3029 priori
970 2930 1123 3027 sectione
1146 2930 1249 3030 (lispu-

142 3044 289 3121 tacimus
312 3044 440 3146 liquet,
459 3044 558 3140 civile
578 3045 726 3144 regimen
745 3042 830 3118 nihil
848 3058 959 3146 potest
982 3044 1074 3142 circa
1099 3045 1248 3144 coniugu-

140 3157 208 3234 lem
220 3158 478 3256 christianorum
491 3176 709 3257 contractum,
722 3160 781 3261 qui
797 3184 818 3233 a
831 3176 1043 3259 sacramento
1057 3184 1128 3256 non
1141 3159 1248 3256 ᾁίειίς

141 3276 269 3375 guitur,
284 3274 437 3377 adeoque
448 3273 559 3350 civilis
573 3275 782 3352 auctoritatis
795 3275 888 3374 leges
902 3275 1065 3375 attingere
1086 3288 1249 3378 nequeunt

143 3388 347 3464 matrimonii
378 3390 554 3487 christiani
580 3407 756 3488 naturam,
785 3391 1004 3492 proprietates
1030 3389 1248 3490 essentiales,

144 3521 177 3580 et
196 3506 389 3595 vinculum,
414 3507 474 3581 scd
498 3532 607 3608 noque
629 3506 864 3602 contrahentes
885 3520 983 3607 prout
1008 3520 1249 3602 sacramentum

143 3619 306 3709 efficiunt,
328 3646 470 3721 quorum
489 3621 656 3696 idoneitas
674 3619 717 3694 ad
736 3619 1001 3718 contrahendum
1014 3645 1077 3695 seu
1091 3619 1136 3696 ad
1149 3642 1251 3715 sacru-

144 3751 292 3812 mcntum
324 3734 591 3832 conficiendum,
620 3760 687 3809 non
714 3751 765 3808 est
789 3714 968 3809 statuenda
993 3759 1014 3808 a
1038 3733 1133 3810 cirili
1165 3749 1249 3836 pote

143 3868 249 3940 stete,
278 3851 339 3926 sed
365 3850 409 3926 ab
433 3877 473 3926 aa
498 3828 728 3927 tantummodo
754 3851 808 3924 cui
835 3865 1125 3949 sacramentorum
1156 3848 1249 3923 admi

144 3965 298 4060 nistratio
315 3993 356 4042 ac
373 3968 520 4066 regimen
538 3993 558 4041 a
575 3964 710 4042 Christo
728 3967 946 4042 commissum
970 3981 1043 4053 est,
1068 3961 1248 4064 cuiusmodi

144 4097 197 4155 est
226 4082 381 4157 ecclesia.
411 4083 445 4156 si
471 4109 560 4184 quae
585 4099 761 4186 propterea
786 4108 807 4154 a
830 4080 921 4157 civili
948 4081 1144 4183 principatu
1166 4079 1248 4179 leges

143 4196 312 4286 serantur,
345 4224 432 4298 quae
457 4201 621 4297 attingant
655 4198 849 4296 coniugium
883 4196 1110 4272 christianum
1136 4197 1170 4270 in
1193 4218 1246 4269 sua

144 4329 281 4402 natura,
308 4328 365 4387 aut
389 4311 587 4390 essentiales
609 4315 683 4389 eius
710 4313 953 4415 proprietates,
981 4327 1040 4387 aut
1063 4311 1238 4392 vinculum,
