2804 5062
144 349 214 421 etl
337 371 399 423 ur.
420 371 455 421 u.
477 371 563 421 secr.
585 370 716 422 rursm.
738 371 779 421 or
802 369 927 421 rorssr.
949 369 1061 421 crrrm

143 489 209 589 plis
229 489 399 577 dimissis,
419 504 550 565 consul
569 487 750 562 Caecilium
764 486 953 577 Metellum,
969 487 1236 579 uxoredeluncta,

141 604 233 681 illios
255 630 403 681 sororem
422 622 583 705 spensam
604 603 947 692 duxisse,‘Crassum
968 603 1122 679 defuncti
1146 605 1241 680 imnis

141 721 281 796 duxisse
301 744 456 809 uxorem,
474 736 511 795 ut
524 722 626 797 refert
637 718 856 807 Plutarchum
879 719 1109 794 Pudentillam
1130 721 1245 796 tabulas

142 837 311 936 nuptiales
329 863 406 911 cum
419 837 482 912 viri
501 837 622 911 mortui
641 835 742 911 lratre
754 835 867 936 prodit
878 835 1046 936 Apuleius
1057 839 1246 934 (16).»Βίιί

142 952 243 1025 etiam
275 953 405 1051 tanqum
428 968 503 1050 post
538 968 661 1052 tempus
685 979 706 1026 a
730 951 956 1027 celebratione
984 951 1093 1027 buius
1128 953 1247 1028 cenalii

141 1066 251 1143 licitas
276 1067 443 1142 eiusmodi
472 1068 608 1169 nuptias
633 1067 767 1143 habitas
794 1094 890 1155 esse,
912 1084 951 1142 ut
970 1083 1067 1169 patet
1081 1094 1127 1142 ex
1147 1067 1204 1142 lib.
1218 1069 1245 1142 ³.

144 1182 195 1265 tit.
219 1184 278 1255 12.
300 1181 364 1279 leg.
383 1184 417 1255 2.
438 1181 660 1257 ubidicitur:
683 1183 784 1258 «Etsi
805 1182 933 1257 licitum
954 1199 1091 1258 veteres
1112 1183 1249 1258 credide

143 1315 241 1387 runt,
256 1299 384 1398 nuptiis
402 1298 515 1375 fratris
527 1297 667 1388 solutis,
682 1299 806 1374 ducere
819 1299 931 1374 fratris
948 1325 1115 1389 uxorcm3
1137 1300 1249 1375 licitum

143 1415 245 1489 etiarn
271 1432 348 1515 post
377 1432 517 1490 mortem
550 1415 703 1492 maberie
734 1432 793 1491 aut
824 1415 1031 1504 divortium,
1064 1416 1250 1492 contrahere

143 1551 221 1605 eom
250 1530 401 1606 eiusdem
437 1556 550 1606 serere
582 1531 806 1629 coniugium
840 1529 1034 1605 abstineant
1066 1529 1248 1606 huiusmodi

144 1644 273 1745 nuptiis
292 1645 696 1746 universi(1'l).nltaque
710 1646 829 1721 merito
840 1644 1110 1721 iurisconsultus
1124 1647 1251 1721 dellen-

144 1759 229 1834 doza
250 1760 404 1861 scripsit:
424 1762 619 1849 «Primum,
640 1777 679 1837 ut
695 1762 832 1862 opinor,
851 1761 1025 1835 decretum
1044 1760 1248 1838 litteris'coo

147 1875 347 1974 signatum,
375 1902 444 1977 quo
468 1877 687 1951 constitutum
713 1892 794 1964 est,
822 1875 1077 1950 matrimonium
1102 1876 1250 1950 affinitate

146 1992 320 2095 impediri,
347 1992 412 2067 hoc
437 1993 658 2094 hispanorum
683 1994 919 2095 cpiscoporum
943 1991 1101 2082 videtur,
1132 1996 1249 2092 entique

144 2133 352 2183 renuentum
364 2111 434 2183 iere
449 2108 622 2209 obrepens,
638 2136 707 2210 quo
720 2108 843 2212 licebat
855 2134 933 2183 cum
949 2107 1139 2184 deiunctae
1152 2108 1249 2185 nxorb

145 2247 263 2299 sorore
281 2223 531 2298 matrimonium
547 2223 745 2299 contrahere
761 2226 875 2321 (18).»

219 2336 408 2411 Videndum
430 2337 496 2411 iam
513 2354 626 2413 utrum
643 2337 775 2413 felicius
792 2349 849 2412 res
863 2336 961 2413 cedat
972 2337 1168 2437 spalatensi
1184 2335 1250 2411 dnn

145 2454 325 2529 connititur
355 2454 532 2528 ostendere
564 2480 604 2527 cx
634 2452 787 2528 conciliis
815 2452 1088 2554 posterioribus,
1117 2476 1246 2528 macces

145 2569 279 2667 legibus
302 2595 340 2644 se
361 2570 590 2645 conformasse
611 2569 770 2644 civilibus
791 2570 826 2641 in
851 2569 1110 2645 constituendis
1125 2567 1248 2671 impedi·

147 2685 269 2758 mentis
300 2685 571 2760 connubialibus.

224 2830 241 2868 o
261 2799 448 2874 Concilium
474 2801 675 2899 agathense,
704 2802 838 2890 scribit,
868 2819 1112 2877 commemorat
1140 2800 1247 2901 gradus

148 2915 497 3016 prohibitos,qu0rum
513 2916 627 2990 nullus
641 2917 826 2997 secundum
841 2916 984 3006 excedit,
993 2933 1027 2991 et
1040 2934 1181 2992 renovat
1192 2940 1248 3016 pre

149 3031 364 3119 bibitionem
386 3030 447 3106 sed
466 3049 576 3106 mmen
595 3032 716 3107 latetur
727 3059 785 3106 eos
799 3033 925 3131 gradus
939 3033 1007 3106 iam
1021 3060 1101 3108 csse
1114 3030 1249 3134 probibi-

151 3168 221 3224 tos:
239 3175 317 3248 pecs
342 3175 464 3233 omnes,
483 3149 610 3249 inquit,
632 3165 662 3221 ct
679 3151 865 3246 olimctqec
881 3149 941 3221 seb
960 3148 1020 3222 bec
1038 3150 1248 3223 constitutions

148 3268 284 3338 incestos
302 3291 368 3338 csse
385 3291 449 3336 noc
470 3264 668 3338 dubitamus.
694 3264 880 3339 Concilium
905 3290 1103 3365 epaonense
1129 3263 1248 3340 totidm

220 3597 271 3660 (le)
287 3597 326 3647 ct.
338 3597 559 3648 Fcrdioandumde
566 3596 684 3647 blandem
695 3597 720 3646 io
736 3598 877 3647 cosummat.
891 3597 916 3646 in
928 3596 995 3646 lrunc
1011 3608 1069 3646 can.
1082 3598 1148 3647 Lxl.
1160 3590 1248 3647 conell

150 3676 292 3728 illiberitani
310 3677 376 3741 apud
387 3677 455 3728 card.
465 3681 501 3728 De
511 3678 613 3740 Agnirre
622 3677 648 3726 ln
658 3677 700 3727 cit.
710 3677 816 3727 collect.
827 3679 947 3727 stemma
960 3675 1139 3727 conciliorum
1152 3675 1251 3726 crtum

147 3761 293 3823 Hispaniae
308 3761 368 3808 tom.
384 3760 404 3807 l.
416 3758 460 3808 lib.
472 3759 504 3807 ll.
516 3771 571 3820 pag.
584 3764 639 3808 tet.
652 3756 742 3820 quibus
758 3757 828 3820 plura
845 3756 894 3805 alia
909 3754 1001 3805 cdlccit
1023 3756 1130 3819 ipsemet
1152 3753 1214 3806 card
1224 3751 1251 3800 or

148 3839 250 3903 aguirre
264 3839 290 3888 in
303 3841 435 3891 comment.
449 3838 521 3887 ocris
534 3837 594 3887 ibid.

221 3920 270 3980 (17)
286 3919 324 3968 ct.
341 3917 558 3978 Golthclredinm:
583 3915 671 3967 codex
694 3914 878 3966 theodosianus
898 3927 959 3965 cum
972 3917 1110 3980 perpetm
1131 3909 1249 3967 commui·

150 3998 265 4062 Lugduni
280 4000 415 4051 letitiam.
425 4002 445 4048 1.
454 4013 509 4063 pag.
523 4005 579 4049 296.

223 4080 273 4141 (ts)
288 4079 405 4129 llendcza
424 4079 471 4129 loc.
483 4079 526 4129 cit.
539 4078 579 4128 cui
591 4077 699 4127 concinit
709 4077 804 4128 Natalis
813 4077 895 4139 Ales,
906 4075 949 4138 qui
960 4087 990 4125 cr
1000 4075 1049 4125 boc
1060 4088 1156 4127 moene
1171 4066 1251 4124 mneli

150 4159 292 4209 illiberitani
307 4160 395 4220 interl,
412 4161 540 4211 ecclesiam
556 4159 725 4208 auctoritatem
748 4158 887 4208 exercuisse
904 4156 1072 4207 constituendi
1096 4149 1251 4220 impedierat

150 4238 317 4301 matrimonii,
336 4238 390 4302 ipso
406 4238 487 4288 adime
505 4238 602 4301 rigente
624 4237 800 4302 persecutionis
815 4238 934 4301 tempore.
947 4235 987 4286 Cl.
1001 4237 1031 4285 lu
1047 4234 1114 4287 Dies.
1127 4235 1190 4286 xxi.
1200 4239 1249 4282 κοῦ·

149 4319 235 4370 ceolas.
247 4321 290 4369 ill.
302 4320 347 4369 art.
360 4320 403 4368 ill.
416 4320 454 4369 De
468 4317 573 4368 couetttt
589 4316 707 4369 ttltbertt.
720 4315 865 4368 canonibus
879 4317 904 4366 et
918 4316 1090 4367 auctorttete.
