2804 5062
125 335 196 409 2⁰2
365 355 428 407 nm.
449 354 486 406 u.
507 351 594 405 asor.
615 353 641 403 1.
661 352 847 406 cavernas.
868 352 995 406 summ.

124 490 245 552 statem
268 499 422 549 exercere
446 478 631 573 numquam
647 472 1060 573 praetermisit'eooles'ia,
1081 486 1242 571 potestate

125 591 194 666 siln’
208 589 374 667 divinitus
383 589 529 680 usdita,
541 587 825 691 quemadmodum
842 589 985 664 infinitis
998 589 1242 690 propemodum

124 707 341 784 historiarum
364 706 595 782 monumentis
609 721 767 782 msam
791 723 865 795 est,
885 732 927 782 ac
940 705 1037 781 idem
1060 704 1242 781 concilium

125 823 343 898 tridentinum
368 848 434 897 non
453 821 553 898 modo
579 821 784 897 novissimos
806 822 851 897 ds
866 821 1242 924 ωἰυοῶαάιιμῖ

125 937 423 1015 indissolubilitate
440 962 590 1026 errores,
611 938 671 1012 sed
693 939 787 1039 ipsos
805 942 940 1039 quoqne
956 942 1109 1012 'errorum
1128 953 1242 1013 eucw

125 1081 180 1131 res
204 1055 279 1130 diro
303 1054 517 1130 anathemate
534 1054 689 1155 percutit.
710 1055 831 1128 Verum
848 1080 958 1154 neque
979 1054 1038 1128 bic
1054 1054 1153 1128 locus
1169 1057 1240 1140 est',

124 1170 319 1246 vindicandi
340 1169 504 1246 ecelesiae
516 1172 588 1258 ius,
604 1196 692 1271 quae
708 1169 894 1245 haereticos
914 1170 986 1245 suis
1003 1169 1242 1266 legibus'oom·

123 1284 304 1387 prehendit
334 1285 433 1383 (l).»

196 1400 364 1475 Haeretici
390 1402 526 1503 quidem
553 1401 803 1477 ecclesiasticas
831 1402 944 1500 leges,
971 1426 1013 1475 ac
1043 1400 1242 1475 nominatim

124 1517 410 1606 matrimoniales,
439 1544 506 1592 non
536 1518 645 1592 solum
675 1544 742 1592 non
772 1517 972 1604 observent,
998 1543 1117 1590 verum
1143 1517 1242 1590 etiam

124 1647 352 1708 contemnunt.
369 1634 419 1709 Eo
431 1633 522 1734 quod
536 1632 714 1708 eeclesiam
727 1633 922 1721 reiecerint,
939 1658 977 1707 se
989 1631 1093 1707 simul
1105 1633 1242 1707 enaim

124 1765 244 1849 putant
260 1749 525 1824 ecclesiasticum
538 1748 650 1846 legum
667 1749 784 1847 iugum
801 1764 871 1823 tum
888 1747 923 1819 in
941 1747 1035 1835 aliis,
1053 1747 1241 1821 tumetium

126 1865 163 1939 iu
184 1893 221 1940 re
246 1866 506 1954 matrimoniali,
531 1892 636 1966 seque
661 1865 787 1939 liberos
811 1865 929 1939 dicunt
952 1864 995 1936 ab
1023 1863 1171 1938 ecelesia
1192 1879 1242 1963 ty-

124 1982 278 2056 rannide.
306 1983 350 2056 At
372 2010 453 2057 uum
477 1980 555 2056 ideo
580 1981 744 2057 ecclesiae
767 1983 860 2080 leges
884 1982 1006 2055 irritae
1023 1996 1105 2055 suut
1130 1977 1241 2080 quood

124 2096 202 2171 illos
227 2112 328 2198 atque
353 2097 546 2174 invalidae?
566 2098 670 2171 llxlen
691 2096 750 2170 illa
775 2097 1020 2171 baereticorum
1045 2094 1171 2192 agendi
1195 2120 1241 2168 ra·

125 2211 172 2286 tio
198 2210 289 2311 leges
316 2209 507 2288 nullatenus
533 2212 661 2301 irritat,
689 2228 805 2313 utpote
826 2238 915 2313 quae
930 2212 1031 2286 uuice
1045 2237 1088 2284 ex
1109 2210 1241 2283 illorum

125 2324 355 2428 perduellione
376 2355 417 2405 ao
434 2329 567 2405 malitia
583 2330 744 2403 dimanet.
772 2331 913 2403 Peccant
930 2329 1043 2428 itaque
1061 2342 1181 2402 contra
1196 2325 1242 2399 le·

124 2468 204 2541 ges,
233 2461 268 2518 et
292 2445 358 2518 sibi
388 2441 582 2535 adscribere
611 2444 735 2518 debent
760 2460 920 2544 peccata,
949 2446 1040 2544 quae
1061 2470 1103 2516 ex
1131 2441 1239 2540 legum

124 2558 328 2656 obligatione
344 2563 560 2660 proveniunt,
577 2560 769 2660 quibusque
782 2586 820 2634 se
837 2560 1019 2660 inquinant
1037 2558 1116 2631 illas
1139 2574 1241 2631 trans»

124 2674 326 2772 grediendo,
355 2701 422 2750 non
448 2676 579 2774 legibus
604 2703 694 2777 quae
711 2703 771 2775 per
793 2703 831 2750 se
850 2677 960 2750 bonae
980 2689 1060 2748 sunt
1078 2700 1120 2748 ac
1144 2673 1241 2746 ratio-

125 2784 277 2876 nabiles,
307 2805 408 2890 atque
433 2789 476 2862 ad
498 2816 675 2864 commune
694 2790 819 2864 bonum
845 2791 1006 2864 sancitae.
1035 2785 1240 2889 Alioquinsi

124 2901 191 2975 bae
213 2903 335 3000 agendi
354 2903 482 2978 ratione
508 2904 667 2978 baeretici
689 2904 838 3002 elegum
861 2902 1169 2978 ecclesiasticarum
1185 2900 1241 2976 ob·

123 3016 311 3091 servatione
334 3017 563 3109 solverentur,
590 3022 726 3120 propria
751 3020 838 3118 ipsis
864 3019 1039 3118 prodesset
1064 3017 1209 3090 malitie.

197 3132 303 3207 Unica
326 3150 419 3207 esset
433 3135 489 3208 via
506 3135 549 3209 ad
571 3163 630 3210 eos
648 3135 843 3210 eximendos
863 3135 906 3208 ab
924 3134 1241 3235 impedimentorum

123 3241 325 3322 irritantium
352 3249 575 3347 obligatione,
599 3251 728 3324 scilicet
749 3252 857 3350 ipsius
879 3250 1044 3323 ecclesiae
1061 3248 1239 3336 relaxatio;

125 3377 178 3435 ast
201 3364 279 3438 talis
300 3358 448 3466 prolecto
465 3393 531 3441 non
549 3383 602 3441 est
618 3367 780 3441 ecclesiae
805 3367 964 3452 intentio,
994 3391 1034 3439 ac
1059 3364 1239 3450 voluntas,

123 3501 200 3549 oum
222 3474 286 3552 boc
305 3480 389 3554 loret
410 3482 588 3556 haereticis
608 3483 737 3570 lavere,
762 3483 1017 3582 privilegiisque
1044 3507 1103 3555 eos
1131 3505 1242 3555 cumo·

123 3593 213 3682 lare;
242 3595 311 3668 iam
335 3623 415 3671 vero
439 3626 624 3700 numquam
652 3599 794 3673 intendit
818 3596 962 3674 ecclesia
987 3599 1101 3672 lavere
1125 3599 1242 3672 baere-

124 3709 221 3797 ticis,
249 3712 308 3811 qui
334 3739 374 3785 en
399 3713 475 3812 ipsa
496 3709 747 3814 perduellione,
767 3732 800 3788 et
819 3713 1030 3788 contumacia
1049 3715 1087 3803 in
1109 3712 1242 3788 haeresi

123 3827 244 3924 quovis
268 3827 381 3903 lavore
406 3829 565 3929 indignos
590 3857 628 3905 se
653 3831 826 3931 praebent.
855 3829 985 3903 Deinde
1006 3829 1177 3904 absonum
1193 3842 1242 3904 eal

123 3941 176 4013 vel
201 3945 349 4041 cogitare
371 3946 458 4020 velle
482 3947 657 4022 ecelesiam
683 3947 862 4021 haereticis
883 3946 1067 4020 concedere
1091 3946 1188 4045 quod
1205 3945 1242 4018 li·

125 4054 182 4129 liis
208 4060 279 4134 suis
305 4060 461 4160 denegat.

192 4273 227 4336 (⁴)
241 4275 312 4338 Apud
327 4278 472 4343 Itoslrovany
484 4281 655 4332 Mourimenta
665 4278 797 4332 catholico
809 4280 923 4344 Quinque
933 4277 1043 4330 eeclesiis
1055 4281 1122 4329 1847.
1135 4278 1200 4329 tom.
1214 4278 1242 4329 11,

126 4361 180 4417 poa.
194 4360 265 4407 esea
276 4368 330 4421 sev.
