2804 5062
184 373 1114 437 orranususrnmsasr.maurannusmarmari.
1170 356 1236 428 2⁰1

138 493 233 566 mom
259 493 446 568 haereticos
469 493 598 569 eisdem
620 491 927 568 devinciriOmnem
953 493 1017 567 bac
1039 495 1073 566 in
1092 522 1128 568 re
1148 496 1249 569 dubi-

138 609 293 682 tationem
316 609 455 684 sustulit
469 608 671 683 Benedictus
691 609 774 681 xlv.
800 610 835 681 in
852 609 946 683 brevi
971 609 1014 682 ad
1040 611 1139 684 oard.'
1158 611 1249 686 Ebo'·

135 750 308 799 racensem
329 725 385 799 die
401 728 436 799 l.
454 724 550 799 Febr.
572 729 680 799 tlte.
697 752 738 799 ex
753 725 931 799 occasione
951 726 1155 800 matrimonii
1173 727 1247 801 initi

134 838 217 913 inter
240 840 354 913 uirum
379 840 537 914 iudaeum
568 858 602 914 et
630 839 804 914 mulierem
834 840 1057 914 haereticam:
1083 841 1131 914 ibi
1156 841 1247 916 euim

134 954 176 1027 uti
202 954 343 1028 firmum
367 955 571 1056 principium
588 955 731 1030 assumit
749 955 936 1029 haereticos
961 956 1099 1055 quidem
1125 956 1168 1030 nb
1181 966 1248 1030 'eo-
1364 976 1369 988 ·

133 1067 253 1144 cleeiae
277 1071 405 1144 unitate
422 1070 561 1170 repelli,
585 1071 698 1170 iisque
717 1069 817 1144 bonis
837 1070 947 1144 orbari
972 1071 1151 1160 omnibus,
1174 1072 1247 1173 qui-

131 1183 189 1258 bus
215 1184 379 1259 fruuntur
396 1186 431 1258 in
455 1185 599 1261 ecclesia
619 1203 814 1274 versantes,
834 1214 898 1259 uon
916 1203 1021 1261 museo
1039 1188 1080 1261 ab
1097 1191 1167 1262 cios
1185 1215 1246 1263 oo-

133 1304 279 1374 ctoritcte
292 1316 323 1374 et
338 1302 462 1401 leqibcs
477 1303 629 1376 liberari:
644 1318 713 1376 tum
728 1302 859 1377 subdit:
876 1302 1068 1378 «Haeretici
1083 1304 1247 1378 ecclesiae

132 1416 254 1491 subditi
278 1434 377 1506 sunt,
398 1434 432 1492 et
451 1418 584 1517 legibus
606 1419 846 1494 ecelesiasticis
869 1435 1036 1493 tenentur.
1062 1420 1146 1493 Cum
1166 1445 1246 1494 vero

132 1531 213 1607 btra
235 1533 332 1630 leges
351 1534 514 1608 ecclesiae
532 1534 591 1608 illa
611 1560 747 1635 quoque
768 1552 1000 1623 recenseatur,
1027 1562 1116 1636 quae
1136 1536 1247 1608 matri-
1325 1550 1328 1554 ’

131 1649 240 1724 monia
252 1648 389 1723 illorum
401 1677 545 1751 quorum
556 1650 641 1725 alter
653 1651 932 1750 rite'baptismum
945 1653 1126 1752 acceperit,
1144 1676 1245 1725 secus

132 1761 228 1851 alter,
250 1779 326 1837 rata
347 1789 416 1838 nou
432 1764 553 1853 bnbet;
574 1766 608 1837 in
624 1772 739 1839 nostra
757 1767 859 1840 etiam
879 1768 1077 1866 quaestione
1094 1781 1244 1839 statuen-

133 1875 205 1952 dum
230 1878 314 1967 erit,
338 1906 417 1953 oum
437 1880 607 1954 haeretica
623 1881 744 1956 mulier
763 1879 1080 1979 baptismo'initiata
1098 1879 1243 1954 hebraeo

134 1994 261 2094 mpsit,
275 1996 527 2069 matrimonium
545 1995 630 2070 illud
649 2006 710 2096 pro
727 1997 824 2071 irrito¹
839 1995 1033 2069 babendum
1056 2021 1133 2069 esse
1152 1997 1242 2091 (3).»

195 2109 296 2183 ldem
328 2112 534 2211 principium
565 2111 786 2212 eamdemque
814 2111 1001 2187 doctrinam
1031 2110 1246 2184 inculcatae

133 2221 190 2299 late
207 2226 429 2326 prosequitur
445 2228 525 2301 Pius
544 2227 614 2299 llll.
632 2227 667 2299 in
684 2226 840 2300 brevi'ad
858 2225 1151 2326 archiepiscopum
1175 2251 1247 2299 mo·

134 2341 307 2438 gontiunm
331 2341 388 2415 die
410 2343 445 2414 8‘.
466 2341 603 2417 Octobr.
622 2345 728 2416 180³.
751 2343 785 2415 in
805 2369 873 2442 quo
893 2369 968 2416 cum
987 2341 1241 2441 praemisisset:

136 2457 400 2532 «Praetermissa
415 2459 612 2559 quaestione
630 2457 710 2545 illa,
728 2458 770 2532 de
789 2485 858 2558 qua
875 2458 961 2531 nibil
983 2456 1083 2531 m'odo
1100 2472 1247 2530 statuere

133 2571 284 2646 volumus
301 2599 346 2645 nn
366 2572 612 2648 baereticorum
629 2572 786 2670 coniugia
805 2585 917 2647 coram
939 2572 1094 2645 ministro
1114 2569 1247 2645 aontbo

134 2683 188 2762 lico
210 2704 401 2775 contracta,
431 2704 641 2762 sacramenta
666 2688 735 2762 sint
758 2713 821 2761 nec
842 2685 936 2779 nei»
960 2685 1081 2758 Subdit
1104 2686 1147 2758 ad
1174 2711 1245 2759 rem

133 2802 298 2878 matram:
331 2803 426 2877 «Sed
447 2805 530 2904 quid
553 2803 735 2878 dicendum
757 2804 821 2877 erit
839 2803 882 2876 de
900 2802 1035 2879 illorum
1057 2802 1241 2890 sententia,

132 2918 182 3016 qai
203 2918 354 3005 iactant,
379 2919 566 2992 haereticos
585 2918 750 2993 ecclesiae
772 2917 904 3015 legibus
929 2944 1144 3019 nequaquam
1169 2916 1246 2991 sub

132 3029 201 3121 iici,
217 3036 323 3132 atque
339 3032 419 3105 inde
435 3059 537 3133 posse
554 3032 631 3132 illos
648 3058 736 3135 novo
755 3033 903 3130 coniugii
925 3032 1058 3106 loedere
1072 3029 1243 3130 copulari,

131 3144 335 3247 siprimnm
368 3146 525 3247 publicae
555 3148 765 3221 auctoritatis
798 3146 924 3221 iudicio
949 3145 1095 3219 solutum
1126 3143 1241 3230 luerit,

130 3270 343 3362 praepostere
359 3259 532 3335 inierunt?
557 3260 727 3335 Adversus
752 3260 844 3336 illam
864 3260 1013 3334 clamant
1029 3258 1241 3356 Scripturee,

128 3377 289 3463 concilia,
323 3377 457 3452 traditio
491 3376 639 3477 denique
667 3376 837 3451 universa.
859 3373 1034 3450 'Omnium
1063 3373 1172 3447 instar
1199 3372 1246 3447 sit

126 3491 306 3566 bidentinn
324 3492 499 3591 synodus,
515 3518 604 3592 quae
622 3518 710 3566 sess.
731 3492 789 3564 24.
811 3516 886 3590 cap.
911 3490 954 3560 ll.
970 3514 1036 3563 non
1055 3487 1243 3588 baptizatos

127 3632 146 3680 a
175 3607 364 3708 baptizatis
395 3608 632 3706 distinguens,
666 3607 742 3682 illos
773 3623 901 3680 tantum
927 3604 1090 3678 eeclesiae
1119 3603 1243 3681 iudicio

125 3723 335 3823 proindeque
360 3723 493 3821 legibus
518 3751 586 3798 nou
612 3722 733 3797 subiici
760 3722 926 3809 affirmet,
947 3738 1024 3796 cum
1048 3720 1191 3800 ecclesia
1208 3718 1243 3793 in

125 3841 294 3913 neminem
320 3838 484 3912 iudicium
509 3856 682 3926 exerceat,
711 3839 769 3938 qui
789 3865 855 3912 non
873 3838 968 3937 prius
996 3837 1031 3907 in
1057 3836 1167 3933 ipsam
1184 3861 1244 3934 per

125 3952 284 4056 baptismi
311 3955 447 4028 ianuam
478 3954 579 4033 luerit
608 3956 796 4051 ingressus.
827 3953 869 4025 Hi
895 3951 1056 4051 baptizati
1085 3976 1165 4047 ergo
1189 3974 1244 4025 eo-

125 4068 249 4144 alesiae
279 4070 361 4159 filii,
388 4097 594 4171 quamquam
625 4070 766 4144 rebelles
795 4086 828 4143 et
851 4069 1062 4166 transfugae,
1091 4066 1243 4147 eiusdem

125 4185 287 4261 eeclesiae
312 4186 445 4284 legibus
478 4185 723 4274 subiiciuntur;
752 4212 857 4286 quare
888 4185 954 4256 iam
982 4184 1017 4256 in
1048 4183 1124 4259 illos
1150 4197 1243 4282 pote·

189 4352 1005 4420 (stmouttartoaenadmv.ton.tn.psg.t.§.1t.etre.
1041 4424 1055 4442 γ’
1112 4392 1115 4397 .
1238 4394 1241 4399 .
