2804 5062
212 376 325 428 num.
338 374 379 426 nn
393 373 499 427 rurus.
511 375 615 427 rnrnc.
629 377 692 426 rrn.
704 367 766 427 ern.
780 338 874 427 narn.
892 375 1015 426 cnnrsr.
1028 377 1099 427 aar.
1114 378 1162 427 ru.
1204 357 1270 427 tto

158 493 315 596 Philippo
340 509 373 568 ct
396 493 555 569 Bertreda
581 521 642 595 pro
667 494 875 570 absolutione
902 495 1058 570 Paschali
1078 498 1122 569 ll.
1145 499 1273 597 suppli-

154 627 288 685 carunt.
309 609 436 682 Annuit
458 608 652 698 Paschalis,
672 637 712 685 ea
737 626 847 685 tamma
873 610 1083 700 conditione,
1111 628 1148 686 ut
1172 614 1273 688 inter-

155 726 268 828 posito
293 725 530 813 iureiurando,
559 727 788 827 promitterent
812 753 878 802 non
904 727 1004 802 modo
1026 729 1270 830 separationem

144 859 176 918 'a
200 857 321 917 mutuo
345 840 583 930 contubemio‚
607 843 667 916 sed
685 859 719 916 et
735 870 756 917 a
773 842 957 944 colloquio,
979 844 1045 917 nisi
1069 844 1134 919 sub
1159 871 1274 946 perso·

153 984 276 1033 narum
292 957 432 1032 minime
449 973 682 1058 suspectarum
700 959 911 1048 testimonio,
930 959 1138 1034 abstinerent
1155 963 1267 1058 (130).

150 1072 308 1173 Cumque
332 1097 389 1148 rex
420 1099 468 1147 se.
488 1072 575 1146 ultro
600 1074 680 1148 huic
705 1073 889 1150 conditioni
930 1073 1028 1176 plene
1063 1075 1268 1162 subiecerit‚

150 1204 265 1264 tumen
296 1189 331 1261 in
361 1189 504 1264 concilio
536 1189 751 1288 belgensiaco
779 1190 824 1263 ob
854 1192 1063 1265 renuentium
1093 1192 1271 1293 episcopo

151 1330 228 1379 rum
248 1330 304 1380 res
322 1304 444 1378 iniecta
469 1319 523 1379 est
549 1307 663 1402 (131).
687 1305 871 1380 Absolutus
896 1333 952 1379 rex
979 1306 1043 1379 suit
1068 1307 1105 1379 in
1130 1305 1271 1381 concilio

152 1419 338 1520 parisiensi
357 1420 507 1496 1Y.non.
529 1421 688 1495 Decemb.
705 1448 762 1496 an.
785 1423 892 1494 1105.
915 1421 972 1495 ubi
995 1419 1155 1496 Bertrada
1182 1423 1270 1496 idem

143 1551 400 1612 sacramentum
410 1536 578 1637 praestitit
587 1536 630 1611 ad
640 1537 884 1612 absolutionem
899 1538 1143 1638 impetrandam
1153 1540 1266 1636 (132).
1286 1622 1289 1631 Ι

224 1653 323 1727 Nunc
341 1670 452 1727 auum
470 1669 591 1754 quarto
610 1653 683 1729 loco
701 1655 871 1755 inquirere
888 1670 1057 1754 praestat,
1078 1681 1158 1728 num
1179 1681 1272 1754 prae·

148 1783 201 1843 ter
218 1766 464 1844 absolutionem
478 1769 526 1873 ab¹
534 1770 879 1848 excommunicatione
893 1769 1068 1844 Paschalis
1081 1771 1124 1841 ΙΙ.
1137 1770 1271 1871 dispen—
1332 1811 1334 1815 ·

135 1882 315 1986 ,tationem
328 1884 370 1958 nd
385 1884 634 1960 matrimonium
657 1885 920 1960 contrahendum
935 1909 1011 1958 cum
1024 1884 1184 1959 Bertrada
1196 1912 1271 1985 pro

147 1999 280 2100 pinque
304 2025 366 2074 suu
392 1999 426 2073 in
446 2017 567 2101 quarto
587 2000 693 2099 gradu
712 2000 867 2101 Philippo
887 2000 957 2097 regi
978 1999 1167 2075 contulerit.
1184 2002 1270 2076 Sane

146 2140 217 2190 non
234 2115 334 2217 pauci
352 2116 534 2216 scriptores
548 2116 594 2190 ita
606 2117 775 2205 sentiunt,
797 2115 1085 2215 adnumerantque
1102 2115 1267 2191 eiusmodi

144 2228 435 2331 dispensationem
449 2231 536 2306 inter
549 2231 723 2332 praevias,
739 2257 828 2332 qnae
840 2230 899 2304 iila
916 2245 1036 2317 aetate,
1054 2257 1175 2330 nempe
1192 2247 1270 2305 aute

146 2345 380 2421 Innocentium
401 2345 461 2420 ili.
483 2372 504 2420 a
525 2373 608 2422 rom.
631 2346 847 2446 pontificibus
873 2345 971 2420 datae
997 2346 1131 2419 fuerunt
1151 2348 1264 2443 (133).

147 2462 218 2538 Nos
238 2487 319 2537 veru
345 2460 422 2563 plus
448 2462 553 2536 semel
577 2463 750 2536 innuimus
769 2489 838 2535 rem
857 2461 1016 2535 incertam
1039 2487 1136 2549 esso,
1165 2461 1268 2536 immo

146 2576 369 2653 verisimilius
383 2603 567 2679 numquam
581 2603 777 2652 concessam
795 2576 962 2650 eiusmodi
980 2575 1267 2675 dispensationem

141 2691 267 2766 tuisse.
294 2691 417 2767 iuverit
433 2692 621 2792 expendere
637 2692 813 2792 utriusque
831 2690 1016 2765 sententiae
1033 2690 1262 2766 fundamenta.

139 2962 145 2970 ·
220 2950 287 3014 (tto)
303 2951 342 3002 ct.
352 2952 409 3002 Nat
421 2949 553 3003 Alexandr.
566 2951 635 3001 ΗΜ.
648 2949 738 3001 eccles.
749 2951 774 3000 tn
786 2963 835 3001 sec.
847 2952 889 3001 xl.
903 2952 928 3001 et
940 2952 995 3000 ΧΗ.
1007 2951 1102 3013 caux.
1111 2953 1195 3001 ertit.

218 3032 286 3096 (tet)
301 3031 347 3083 ΗΒ
363 3030 446 3083 rerbts
465 3033 549 3082 nnrrst
557 3033 625 3082 Yvo:
636 3051 648 3074 α
656 3030 823 3082 convenimus
834 3029 1022 3094 Bnlgeuetscum
1034 3029 1065 3079 sd
1077 3029 1212 3080 radendum
1223 3029 1264 3080 sn

142 3110 296 3165 solutionem
308 3111 398 3176 regis,
419 3110 555 3163 mundum
577 3113 685 3162 tenorem
707 3110 862 3171 litterarum,
883 3123 945 3173 quus
964 3122 1038 3174 snper
1057 3109 1103 3159 hac
1120 3123 1147 3161 re
1167 3109 1266 3160 miserat

142 3191 282 3244 mosmos
294 3193 515 3243 restrs.conrentt
531 3191 605 3243 etism
623 3205 666 3241 rex
683 3194 708 3242 ct
725 3191 832 3241 tatemlts
848 3202 907 3252 sus,
919 3192 944 3240 et
956 3187 1092 3240 secundum
1107 3191 1264 3253 praeceptum

135 3274 270 3337 curun,
288 3272 450 3324 sacrosanctis
464 3272 596 3336 evangeliis
609 3271 681 3322 tsctts
696 3271 774 3336 parati
793 3271 892 3321 tusrunt
908 3269 1021 3320 nbiursre
1036 3268 1147 3320 maroa
1165 3269 1263 3320 omnem

138 3353 253 3417 unalis
263 3353 368 3420 copulae
380 3353 596 3418 consuetudinem,
606 3354 706 3417 insuper
717 3355 742 3404 et
753 3355 864 3404 mutuam
876 3351 1068 3414 cottoquttonem
1079 3351 1127 3401 ntsi
1138 3351 1185 3401 sub
1196 3353 1263 3402 testi·

143 3433 232 3488 nmio
238 3447 397 3499 pensurum
405 3434 506 3485 minime
514 3437 683 3498 suspectarum
691 3430 805 3498 usquead
814 3434 920 3503 vestram
932 3431 1264 3495 dispensationemnYronis

134 3505 185 3581 dp.
198 3517 342 3579 utacum
358 3513 432 3566 refert
441 3514 516 3566 ettam
528 3514 649 3565 Bsrontus
659 3512 690 3565 ad
702 3526 742 3564 nn.
756 3516 823 3564 not.
835 3526 861 3563 n.
874 3520 897 3564 t.
908 3512 1050 3564 Formulsm
1062 3525 1121 3562 vero
1132 3513 1261 3563 iuramenti

135 3608 161 3650 ι
170 3594 288 3661 Philippo
302 3595 413 3661 praestiti
429 3595 504 3646 ruere
515 3598 595 3646 Lucas
606 3594 740 3647 Dectrerius
751 3593 777 3644 tn
786 3592 922 3659 sptctteoto
934 3595 995 3645 torn.
1006 3595 1049 3644 111.
1058 3594 1098 3644 ed.
1106 3593 1183 3644 Paris.
1195 3599 1261 3644 teos.

142 3689 202 3742 pag.
210 3684 270 3730 trs.

217 3759 283 3820 (tta)
300 3760 376 3808 Prout
390 3758 494 3809 retertur
515 3758 540 3808 tu
560 3755 768 3822 eptst.1.smberti
788 3754 819 3806 ad
834 3756 978 3807 Paschstetn
997 3756 1029 3806 ΙΙ.
1046 3754 1111 3819 apud
1136 3753 1260 3806 Labbeum

142 3836 287 3889 conatae.
299 3839 360 3888 tom.
373 3840 402 3888 x.
415 3837 464 3887 cot.
475 3841 520 3888 742
532 3851 584 3900 seq.

217 3916 283 3978 (trs)
299 3918 366 3966 lnter
376 3929 438 3979 qnos
448 3916 646 3978 Thomasstntus,
660 3919 697 3966 De
710 3913 847 3977 beneficti-r,
858 3917 919 3965 tom.
932 3917 964 3964 rt.
973 3929 994 3965 c.
1006 3916 1161 3964 xxix.n.x.
1173 3921 1259 3977 patu.

137 3995 240 4048 unte.
252 3997 322 4047 litet.
336 3994 369 4046 dc
378 3997 496 4057 Franco,
514 3997 614 4048 tumn.
627 4010 651 4059 p.
663 3999 717 4047 tto.
726 3996 880 4046 Amstenlatn
895 3998 1263 4047 ttno.ntoreau1)tscourssur

141 4076 227 4128 cnut.
238 4076 397 4139 chrcnce,
409 4081 460 4128 tom
470 4080 534 4128 xlv.
544 4084 630 4141 pust.
640 4078 719 4127 Natat.
729 4076 847 4127 Alexand.
855 4080 923 4127 Htst.
932 4077 1021 4127 eccles.
1029 4075 1054 4125 in
1065 4088 1113 4125 sec.
1124 4078 1197 4125 Xt.et
1207 4076 1259 4125 xtt.

139 4170 202 4222 esp.
216 4159 248 4208 X.
261 4159 307 4207 nrt.
318 4164 341 4208 2.
353 4158 458 4208 flersult
470 4157 496 4206 in
508 4159 627 4222 Epttome
636 4156 754 4207 chronol.
762 4157 876 4221 qolttcae
887 4157 979 4207 tristor.
989 4158 1049 4207 tom.
1062 4158 1082 4207 1.
1095 4157 1126 4206 ad
1138 4169 1177 4205 nn.
1190 4163 1258 4207 tuot.

136 4235 425 4287 annunciantes.
438 4237 594 4300 Dceptsrop.
608 4238 635 4286 tn
651 4234 881 4300 dispensatum
889 4237 969 4286 matr.
981 4233 1113 4300 capedine.
1120 4237 1259 4299 potestate,

139 4316 229 4381 capt.
243 4313 375 4381 §.spat
387 4329 439 4379 seq.

1164 4396 1185 4438 stt
