2804 5062
163 393 228 443 cd?-
240 391 286 441 Vl·
299 390 445 442 11111111.
457 389 712 441 nisantium
726 391 788 441 VEL
800 389 863 442 cll!
876 390 969 442 (ΜΠ.
981 391 1053 441 altr.
1063 392 1098 441 ΙΙ.
1153 370 1224 443 2⁰⁵1

181 511 294 599 Quam
319 509 442 583 durum
469 510 532 584 hoc
556 509 649 583 dictu
673 509 844 597 videatur,
873 535 971 584 nemo
996 512 1130 610 estqui
1158 538 1225 587 non

125 627 244 703 entiat.
267 625 323 699 Nil
348 627 471 700 mirum
496 625 639 724 proinde
664 626 694 700 si
721 625 756 697 in
781 626 1014 726 discrepantes
1040 627 1225 704 sententias

125 742 287 841 heologos
300 767 538 841 canonumque
547 740 746 840 interpretes
759 740 944 814 concedere
952 740 1227 830 videamus,aliis

125 857 405 960 repugnantibus
418 857 567 931 valorem
582 856 813 954 coniugiorum
825 855 869 928 de
882 856 1007 956 quibus
1021 856 1143 954 agitur,
1156 858 1230 934 sive

125 998 193 1048 uec
210 971 285 1047 sint
301 972 422 1059 mixta,
439 971 474 1043 id
487 985 539 1045 est
552 970 638 1044 inter
656 970 840 1045 catholicos
858 988 891 1044 et
906 971 1130 1058 acatholicos,
1155 971 1228 1045 sive

125 1107 196 1164 nter
208 1087 421 1163 acatholicos
431 1086 575 1160 invicem
588 1087 684 1174 inita,
695 1102 754 1160 aut
765 1086 913 1161 ineunda
922 1086 1000 1160 aliis
1013 1113 1092 1161 vero
1107 1113 1228 1185 negau-

125 1203 212 1278 ibus.
224 1203 269 1276 Ut
280 1201 315 1273 in
325 1228 360 1274 re
374 1202 457 1274 tanti
470 1201 629 1275 momenti
641 1227 682 1274 ea
694 1227 763 1300 qua
772 1228 834 1301 par
843 1216 894 1276 cst
903 1201 1143 1302 perspicuitate
1156 1228 1229 1301 pro

125 1319 305 1412 pediamur
317 1317 405 1391 hane
417 1317 611 1391 methodum
630 1316 919 1405 consectabimur3
942 1319 1037 1418 prius
1055 1333 1223 1404 auctores,

125 1433 229 1509 altem
251 1431 475 1532 praecipuos,
497 1432 747 1506 recensebimus
761 1433 819 1532 qui
838 1459 898 1532 pro
911 1432 1043 1507 illorum
1058 1433 1229 1531 coniugio

125 1576 185 1623 um
196 1548 317 1624 valore
330 1564 480 1648 pugnant
492 1574 562 1621 una
578 1573 655 1622 cum
674 1547 902 1623 fundamentis
916 1549 1041 1649 quibus
1054 1575 1151 1622 suam
1163 1547 1229 1622 ful-

125 1666 202 1740 iunt
214 1663 439 1750 sententiam
460 1662 584 1736 deinde
602 1663 939 1738 commemorabimus
956 1664 1081 1763 pariter
1098 1664 1228 1764 praeci-

125 1804 199 1878 puos
225 1794 384 1852 auctores
409 1777 468 1878 qui
493 1777 697 1852 contrarium
722 1777 881 1878 placitum
901 1794 1136 1852 consectantur
1158 1805 1228 1852 una

125 1921 188 1970 um
205 1896 378 1969 rationum
396 1894 573 1968 momentis
592 1892 717 1994 quibus
735 1893 935 1967 innituntur.
952 1893 1064 1968 Crisin
1082 1893 1229 1993 denique

125 2025 385 2109 argumentorum
403 2008 703 2109 utriusquepartis
721 2008 958 2095 instituemus,
974 2024 1008 2084 et
1028 2007 1111 2109 quid
1130 2008 1227 2082 nobis

125 2127 332 2202 verisimilius
353 2126 567 2202 sentiendum
583 2127 629 2203 sit
645 2126 812 2217 videatur,
828 2127 1032 2228 aperiemus.
1048 2126 1225 2202 Distinctis

125 2243 340 2344 paragraphis
363 2270 432 2316 rem
456 2269 590 2318 omnem
612 2243 839 2320 absolvemus.

624 2456 654 2549 s.
685 2454 711 2524 l.

131 2613 219 2669 hm
234 2620 382 2682 amena
394 2619 438 2682 qur
451 2621 561 2684 pugnant
577 2632 623 2685 pro
640 2620 724 2672 miore
736 2620 908 2684 coniugiorum
926 2619 1147 2681 clandestinorum,
1157 2631 1220 2682 ques

179 2698 233 2753 sire
249 2697 405 2749 celebantur
419 2699 483 2750 inter
496 2699 633 2751 catholicos
646 2703 672 2750 ct
684 2698 846 2761 acatholicos,
855 2698 909 2752 sive
924 2699 987 2751 inter
998 2700 1064 2750 solos
1073 2699 1222 2751 acatholicos

179 2779 206 2829 in
215 2778 279 2830 locis
290 2779 317 2828 in
327 2777 417 2842 quibus
427 2778 580 2843 publicatum
589 2784 627 2831 est
636 2777 763 2831 decretum
772 2779 877 2832 concilii
886 2778 1024 2833 Tridentini
1033 2780 1197 2845 proteruntur.

183 2939 285 3013 llaud
308 2940 428 3039 pauci,
448 2955 486 3014 ut
505 2940 702 3028 innuimus,
723 2941 795 3015 sive
813 2940 958 3039 theologi
977 2940 1049 3016 sive
1071 2941 1155 3014 iuris
1171 2966 1228 3013 ca-

125 3057 224 3131 unici
248 3056 350 3155 periti
371 3083 433 3156 pro
457 3056 571 3132 valore
591 3074 721 3132 certant
744 3058 995 3156 coniugiorum,
1020 3084 1108 3156 quae
1125 3058 1229 3129 mixta

125 3167 290 3258 licuntur,
319 3188 377 3245 aut
402 3198 538 3258 eorum,
565 3199 653 3272 quae
678 3172 855 3247 acatholici
883 3174 1001 3248 ineunt
1024 3173 1111 3244 inter
1130 3171 1228 3244 sciis

125 3283 259 3361 'ulocis
286 3285 321 3359 in
349 3287 473 3387 quibus
499 3287 718 3362 tridentinum
747 3289 919 3362 decretum
949 3285 1133 3386 aliquando
1166 3284 1228 3356 rite

125 3400 324 3499 publicatum
348 3417 411 3476 est.
432 3403 590 3478 Eminent
614 3404 701 3477 inter
724 3420 852 3478 ceteros
875 3401 1031 3488 Piehler,
1054 3401 1112 3502 qui
1136 3400 1224 3472 hanc

125 3518 316 3594 tententiam
346 3519 494 3593 affirmat
526 3545 604 3595 esse
638 3523 884 3594 communiorem
916 3520 1003 3593 inter
1032 3517 1228 3591 Germaniae

125 3635 296 3736 criptores
319 3650 353 3708 et
374 3636 627 3734 probabiliorem
655 3640 743 3733 (to);
766 3653 800 3710 et
820 3637 933 3736 reipsa
957 3636 1079 3732 allegat
1101 3659 1162 3733 pm
1188 3658 1228 3705 ea

125 3747 258 3823 hanam
280 3807 288 3836 ,
317 3748 479 3823 Gonzalez
501 3810 508 3838 ,
545 3753 734 3825 'lannerum
756 3812 763 3841 ,
792 3755 964 3853 haymann
986 3811 994 3838 ,
1030 3749 1223 3833 Stalenum,

125 3862 252 3963 lugiet.
275 3865 425 3937 Eandem
446 3882 579 3941 tuentur
596 3868 756 3966 Pirhing,
777 3869 979 3956 Marchand,
1010 3870 1148 3966 Sporer‚
1169 3865 1228 3964 qui

125 3975 198 4053 dios
225 3979 309 4054 citat
335 3980 494 4056 tredecim
517 3999 669 4057 auctores
692 3987 781 4080 (11);
799 3984 878 4057 item
904 3985 999 4083 Mayr
1015 3985 1104 4079 (12);
1121 3980 1229 4054 Theo

187 4204 237 4266 (ro)
254 4204 420 4257 candidatus
433 4206 604 4259 abbreviatur
619 4211 687 4260 turis
701 4209 860 4273 praedestina
871 4210 914 4260 lib.
927 4213 968 4260 lv.
984 4210 1023 4260 tit.
1034 4211 1077 4260 111.
1090 4222 1115 4259 n.
1129 4213 1152 4258 1.
1166 4214 1189 4257 s.

188 4284 237 4345 (tt)
256 4284 342 4335 Theoi.
358 4287 454 4336 moral.
465 4290 504 4338 Dc
514 4300 631 4340 socrum.

191 4363 240 4425 (11)
257 4366 382 4418 turmam
393 4366 429 4418 od
442 4370 484 4419 111.
496 4371 533 4419 De
544 4368 633 4421 cloud.
646 4370 763 4436 amona.
776 4383 801 4423 n.
815 4377 854 4423 ss.
