2804 5062
196 358 1157 422 cirnu.autumnitanus.mnnrnmmrnaurn.
1188 344 1256 418 tut

146 486 212 560 hac
233 486 276 559 de
298 512 334 559 re
355 513 376 560 a
398 485 534 584 regibus
560 487 774 586 potissimum
800 486 982 561 Galliarum
1007 487 1189 562 identidem
1219 514 1261 565 ac

146 592 301 701 repetitis
321 600 453 676 uicibus
478 602 628 677 sancitae
649 619 748 692 sunt,
776 602 961 679 nullimode
984 603 1157 678 uinculum
1183 606 1260 706 atti-

144 718 241 818 gisae
258 733 318 793 aut
333 717 509 815 attingere.
530 719 614 792 Nam
632 719 662 792 si
681 719 872 820 principum
898 718 1084 793 infidelium
1108 720 1143 792 id
1163 747 1262 796 exce·

144 835 249 911 debat
265 835 516 924 auctoritatem,
533 836 563 911 si
576 836 705 911 excedit
723 836 953 911 auctoritatem
971 837 1163 937 principum
1182 838 1261 913 fids

146 953 251 1042 lium,
280 952 495 1051 perspicuum
521 967 591 1041 est,
619 952 733 1026 valida
758 953 793 1025 in
818 953 1023 1028 couscientia
1047 980 1124 1027 esse
1148 952 1261 1054 quoad

144 1065 318 1141 uinculum
332 1067 504 1166 coniugia,
522 1093 610 1167 quae
622 1067 830 1141 filiifamilias
843 1068 1088 1142 contraxissent
1105 1085 1164 1142 aut
1180 1095 1260 1144 con·

146 1182 316 1256 traherent
340 1198 456 1256 contra
480 1182 597 1256 civiles
620 1197 748 1255 tantum
766 1180 879 1280 leges,
900 1209 1055 1285 quaeque
1072 1183 1173 1257 simul
1191 1210 1258 1260 non

146 1296 371 1397 impingerent
396 1297 512 1372 autin
538 1295 646 1394 legem
671 1312 811 1370 naturae
836 1296 954 1371 autin
979 1297 1086 1397 legem
1112 1299 1261 1375 diuinam

145 1428 205 1488 aut
229 1413 264 1484 in
286 1412 394 1511 legem
419 1411 683 1487 ecclesiasticam
699 1415 788 1509 (60).

218 1526 351 1600 Passim
376 1525 514 1626 quidem
532 1543 684 1601 auctores
701 1525 782 1625 galli
804 1526 1008 1603 contendunt
1031 1528 1260 1629 exceptionem

144 1667 223 1716 esse
239 1641 427 1717 faciendam
446 1641 558 1742 quoad
578 1643 752 1740 coniugia,
773 1668 862 1742 quae
878 1642 1154 1717 contraherentur
1171 1671 1192 1718 a
1209 1670 1262 1719 ns-

144 1758 221 1856 gine
240 1758 358 1857 stirpis
378 1757 611 1858 principibus,
639 1758 838 1858 praesertim
864 1759 1096 1859 propioribus,
1116 1775 1149 1833 et
1165 1784 1262 1859 prae-

145 1872 292 1973 sumptis
319 1899 461 1948 coronae
486 1873 710 1962 haeredibus,
740 1873 844 1947 inuito
874 1900 963 1972 rege.
991 1875 1151 1962 Quaestio
1176 1874 1261 1950 haec

145 2014 268 2087 magno
294 1990 483 2063 animorum
509 2006 604 2063 aestu
631 1989 754 2087 agitata
778 2004 831 2063 est
852 2015 894 2063 ex
914 1990 1091 2064 occasione
1113 1990 1260 2089 coniugii

145 2105 222 2179 initi
245 2104 332 2179 inter
356 2105 476 2178 ducem
499 2105 678 2180 Gastonem
704 2104 839 2180 fratrem
857 2105 1015 2179 Ludovici
1040 2105 1130 2177 xlll.
1147 2132 1187 2180 ac
1210 2130 1262 2181 so·

144 2244 255 2294 rorem
273 2219 383 2294 Caroli
406 2219 525 2308 ducis,
543 2219 787 2318 llargaretham
806 2220 992 2321 principem
1010 2220 1258 2318 Letharingiae,

145 2362 213 2410 non
241 2335 341 2409 modo
366 2362 433 2410 non
459 2336 705 2423 consentiente,
723 2336 782 2410 sed
796 2335 897 2437 plane
910 2337 1014 2411 invito
1027 2362 1066 2410 ac
1079 2336 1262 2411 reluctante

144 2478 236 2551 rege.
258 2453 339 2527 Post
362 2452 476 2553 plures
501 2451 767 2528 consultationes
789 2468 859 2527 tum
879 2479 899 2526 a
917 2468 1036 2526 senatu
1056 2452 1258 2554 parisiensi,

144 2582 217 2640 tum
237 2566 363 2641 aclero
388 2567 555 2665 gallicano
581 2566 745 2640 iudicium
772 2584 824 2640 est
847 2565 953 2640 latum
971 2594 1032 2666 pro
1050 2565 1204 2641 nullitate
1220 2564 1262 2638 il·

144 2680 214 2756 lius
232 2682 397 2780 coniugii,
418 2708 458 2757 eo
475 2683 566 2783 quod
585 2684 632 2757 ita
650 2682 749 2756 ferrat
764 2697 860 2757 vetus
873 2682 907 2754 in
921 2681 1048 2756 Gallico
1061 2708 1164 2780 regno
1181 2707 1259 2757 con·

143 2798 290 2872 suetudo
315 2800 357 2871 ab
386 2798 520 2872 ccclesia
547 2798 696 2898 probata.

218 2915 454 2986 Verumtamen
479 2939 546 2987 non
571 2939 688 2987 omnes
714 2914 749 2985 in
775 2913 928 2987 eamdem
956 2939 1154 2988 concessere
1183 2939 1262 2987 sen-

144 3029 286 3104 tentiam
305 3029 378 3102 sive
400 3028 553 3129 episcopi
584 3029 657 3104 sive
682 3027 849 3126 theologi,
882 3055 921 3102 eo
952 3029 1027 3127 ipsc
1056 3028 1148 3128 quod
1178 3053 1263 3102 non-

144 3146 229 3219 dum
247 3145 331 3219 satis
357 3143 565 3218 constitisset
587 3144 631 3216 de
655 3142 821 3217 eiusmodi
843 3142 1097 3217 consuetudinis
1118 3143 1263 3217 existen·

145 3262 214 3345 tia,
242 3284 351 3358 neque
375 3259 418 3331 de
443 3258 595 3331 eiusdem
621 3255 877 3330 consuetudinis
894 3256 948 3345 νὴ
969 3283 1050 3330 num
1071 3256 1199 3331 scilicet
1216 3255 1261 3331 ad

144 3372 258 3449 solum
283 3372 391 3447 lorum
416 3388 589 3446 externum
614 3371 823 3470 effectusque
840 3368 956 3445 civiles
973 3370 1165 3445 extenderet
1183 3397 1263 3446 con-

147 3487 233 3585 iugii
254 3486 542 3585 illegitimitetem‚
564 3511 607 3558 an
626 3485 726 3559 etiam
753 3485 795 3559 ad
822 3484 940 3558 loedus
967 3485 1079 3584 ipsum
1103 3512 1163 3560 seu
1187 3486 1263 3561 vin·

218 3683 270 3747 (to)
282 3685 338 3741 Quo
353 3695 424 3733 seusu
441 3685 471 3732 1).
483 3683 643 3734 D'Hcrtcourt
658 3697 698 3748 op.
719 3684 761 3734 clt.
783 3686 848 3733 Loto
863 3683 1004 3735 ecclcstcst.
1020 3683 1083 3748 part.
1096 3683 1169 3734 ach.
1183 3688 1205 3734 t.
1217 3684 1262 3734 ὒν

142 3765 264 3826 mortuae
279 3763 326 3812 art.
340 3769 363 3812 t.
375 3775 446 3811 num.
460 3763 639 3814 reconciliare
654 3763 742 3814 nititur
758 3764 886 3828 galliarum
903 3764 966 3826 leges
977 3763 1009 3813 de
1019 3764 1132 3813 nullitate
1140 3761 1263 3826 muluatu-
1327 3782 1330 3787 ·

144 3856 202 3894 rum
220 3841 452 3903 filloromlemllias,
465 3842 550 3894 inritis
563 3843 719 3908 parentibus,
730 3858 788 3896 cum
799 3844 896 3894 concllii
913 3842 1040 3894 tridentlnl
1054 3842 1167 3893 doctriua
1183 3840 1263 3893 deue-

143 3923 223 3975 nutis
239 3922 339 3973 lltorum
356 3922 534 3985 legltlmltatem
551 3937 593 3974 seu
610 3924 719 3975 valorem
732 3924 855 3975 scribam:
871 3927 926 3974 «En
936 3926 1041 3984 Franco,
1054 3937 1086 3973 on
1097 3922 1194 3973 declaro
1206 3920 1264 3972 nula

143 4004 182 4055 tes
198 4002 319 4067 martegea
341 4000 449 4052 celebres
465 4015 509 4066 par
526 4003 561 4052 les
577 4003 705 4067 mineurs,
729 4016 785 4054 sans
798 4004 822 4055 le
837 4004 1021 4053 consentement
1034 4001 1066 4053 de
1080 4002 1147 4052 leurs
1166 4000 1224 4064 pere
1238 4003 1265 4051 et

145 4082 227 4145 mere,
243 4094 276 4131 ou
291 4080 358 4132 leurs
374 4082 496 4144 enocham
512 4094 633 4146 parceque
648 4082 672 4132 le
686 4083 741 4145 rapt
753 4081 784 4133 de
796 4082 925 4133 seduction
935 4095 950 4146 y
961 4083 998 4132 est
1008 4079 1109 4144 regarde
1124 4090 1263 4130 commeatu

141 4162 329 4227 emptchement
337 4161 455 4213 dlrimant
464 4162 495 4213 de
503 4162 623 4227 murteam
636 4164 661 4213 et
670 4163 775 4228 quel'ou
788 4163 901 4228 presumo
910 4161 1021 4224 tcutours
1031 4175 1080 4225 que
1091 4160 1135 4211 das
1144 4159 1263 4223 manera

142 4243 176 4294 dc
191 4243 255 4294 cette
270 4244 357 4294 natma
371 4243 428 4293 sont
442 4240 486 4293 das
500 4242 572 4295 effeta
586 4241 618 4293 de
632 4243 658 4294 le
672 4242 863 4295 seduetlon‚...t
874 4240 963 4306 l'egard
984 4241 1028 4293 des
1050 4240 1170 4304 malaura,
1182 4240 1200 4291 tl
1210 4239 1264 4291 lent

141 4323 188 4374 dea
203 4335 309 4387 preuves
328 4322 445 4387 posttires
460 4320 492 4372 de
506 4322 532 4373 le
545 4320 730 4374 subornation-
