2804 5062
143 375 163 442 8
372 397 434 446 ιιι.
457 398 490 446 n.
512 395 599 445 scer.
620 398 643 445 r.
670 395 709 446 nr
728 396 852 446 rorrsr.
875 395 999 448 nectas.

141 540 197 586 res
213 515 398 614 spiritualis
409 531 479 587 erat
493 514 643 613 prolenis
661 514 829 588 iudicibus
849 540 914 588 non
931 515 1149 588 attrectanda.
1163 516 1249 588 'lum

140 628 232 725 le5es
249 644 455 715 sanxerunt,
477 627 602 727 quibus
619 626 832 728 tyrannidem
851 655 948 702 suam
965 630 1140 702 firmarunt
1155 632 1248 725 (l).»

141 742 232 816 Adeo
257 742 427 816 evidenter
452 768 493 814 en
515 743 590 842 ipsa
610 743 658 814 rei
681 759 819 830 natura,
841 769 901 817 seu
917 769 959 816 ex
976 744 1175 817 sacramenti
1195 771 1252 817 ra-

141 858 232 932 tione
248 884 269 929 a
282 858 421 955 priori,
438 857 546 954 logica
572 858 770 932 necessitate
793 859 985 946 deducitur,
1011 860 1188 933 ecelesiam
1213 861 1249 932 in

142 970 399 1043 matrimonium.
418 971 529 1068 ipsum
556 971 672 1045 diuino
697 957 770 1045 iure
794 989 991 1071 potestatem
1015 972 1153 1046 habere.

213 1084 389 1183 Reliquum
409 1100 460 1157 est
477 1103 514 1158 ut
530 1085 671 1159 candem
688 1088 860 1160 veritatem
878 1088 1070 1161 evincamus
1088 1111 1129 1159 ex
1148 1087 1247 1174 lacto,

143 1225 202 1271 seu
230 1202 456 1296 apostoricrt'.
488 1201 586 1287 Quod
610 1220 648 1275 ιιι
671 1228 912 1300 assequamur,
941 1201 1025 1274 satis
1056 1201 1153 1274 nobis
1188 1201 1253 1276 erit

144 1319 336 1411 percurrero
361 1314 589 1389 ecclesiastica
613 1316 833 1403 documenta,
858 1316 1044 1416 exquibus
1066 1316 1252 1390 universim

144 1427 282 1523 pateliat
294 1428 471 1501 ecclesiam
484 1429 605 1528 quovis
627 1445 774 1528 tempore
787 1431 822 1500 in
834 1430 991 1526 coniugia
1005 1429 1155 1502 fidelium
1173 1455 1254 1504 suo-

145 1568 217 1612 rum
233 1542 322 1615 hanc
335 1543 401 1616 sibi
420 1543 580 1617 tribuisse
598 1569 637 1616 ιο
660 1543 851 1617 vindicasse
872 1543 987 1617 divino
1013 1545 1086 1617 iure
1106 1560 1254 1643 potesta-

144 1671 227 1726 tem·
241 1655 350 1728 Huius
376 1673 486 1729 autem
505 1656 552 1727 rei
571 1673 618 1729 tot
634 1673 714 1729 sunt
734 1655 953 1743 documenta,
977 1672 1060 1755 quot
1080 1656 1254 1729 attulimus

146 1770 179 1840 in
207 1771 381 1869 superiore
405 1771 515 1857 libro,
544 1772 624 1844 dum
650 1772 858 1845 ostendimus
875 1772 919 1845 ab
936 1771 1121 1870 apostolica
1146 1789 1257 1846 aetate

147 1889 397 1960 matrimonium
414 1904 452 1960 ut
470 1913 584 1960 verum
610 1913 650 1960 ac
675 1887 846 1987 proprium
864 1904 1109 1960 sacramentum
1123 1913 1144 1959 ι
1156 1885 1255 1958 Chri-

146 2023 197 2078 sto
223 2005 413 2077 institutum
443 2029 577 2100 semper
600 2003 635 2074 in
661 2002 803 2076 ecclesia
830 2002 1009 2076 theoretice
1039 2028 1079 2075 ac
1110 2002 1256 2101 practice

146 2133 332 2215 spectatum
367 2115 485 2186 luisse.
514 2116 575 2187 Tot
606 2132 791 2213 suppetunt
816 2114 1040 2201 documenta,
1070 2131 1152 2214 quot
1176 2132 1258 2188 sunt

146 2230 336 2304 testimonia
362 2245 494 2327 patrum
510 2245 611 2327 atque
627 2228 931 2302 ecclesiastieorum
953 2229 1174 2326 scriptorum,
1196 2229 1255 2329 qui

147 2362 250 2443 agunt
267 2345 310 2418 de
326 2342 537 2415 matrimonio
557 2341 817 2415 christianorum
838 2359 1009 2441 tamquam
1026 2343 1070 2416 de
1091 2370 1127 2416 re
1144 2370 1254 2432 secra,

147 2464 200 2534 cui
227 2460 342 2532 divina
366 2458 493 2554 gratia,
512 2483 552 2529 ac
569 2455 742 2555 multiplex
766 2455 826 2528 Dei
839 2456 1041 2530 ·benedictio
1057 2458 1188 2531 adnexa
1205 2475 1259 2532 est

150 2604 209 2676 per
231 2601 350 2647 manus
378 2572 536 2644 nimirum
561 2570 733 2645 ccclesiae.
751 2571 845 2658 Quae
862 2597 938 2645 cum
955 2598 976 2645 a
993 2573 1092 2647 nobis
1111 2575 1178 2646 iam
1196 2574 1258 2646 ad-

149 2691 249 2762 ducta
276 2687 421 2772 luerint,
450 2711 558 2786 caque
592 2711 713 2783 magno
746 2712 908 2773 numero,
944 2713 1082 2761 necesse
1114 2704 1260 2762 nonest

150 2804 266 2876 eadem
293 2803 349 2875 hic
373 2802 486 2874 denuo
510 2801 669 2900 prolerre.

222 2921 286 2993 Sed
312 2921 420 3016 magis
447 2918 572 2991 directe
597 2918 640 2990 ad
672 2943 741 2991 rem
775 2935 987 3018 praesentem
1019 2920 1188 3019 pertinent
1212 2936 1260 2992 tot

151 3034 228 3106 illae
252 3035 464 3119 sanctiones,
485 3032 609 3131 quibus
635 3033 778 3106 ecelesia
802 3033 989 3119 constituit,
1011 3050 1048 3106 ut
1065 3032 1197 3107 nonnisi
1216 3033 1260 3107 de

152 3150 318 3223 sententia
344 3148 492 3248 episcopi
519 3147 656 3247 nuptiae
682 3146 820 3235 fierent,
841 3174 903 3246 quo
921 3150 987 3221 sint
1007 3149 1183 3221 secundum
1196 3150 1261 3221 Dc

150 3268 293 3348 minum,
314 3279 344 3334 et
361 3289 425 3339 non
442 3261 617 3334 seeundum
633 3259 859 3359 cupiditatem,
877 3279 913 3335 ut
926 3261 1074 3361 loquitur
1086 3288 1116 3335 s.
1133 3280 1262 3362 martyr

152 3378 303 3472 lgnatius
320 3378 490 3473 (Mune
507 3377 644 3476 quidem
659 3375 760 3449 verba
777 3377 806 3449 si
824 3377 976 3476 apprime
994 3378 1256 3476 perpendantur,

151 3491 330 3562 ostendunt
358 3492 423 3562 ism
455 3493 498 3564 ab
524 3492 620 3563 initio
645 3508 812 3591 receptum
841 3489 968 3578 luisse,
995 3509 1033 3565 ιιι
1056 3491 1214 3584 coniugia
1239 3516 1259 3562 ι

153 3605 312 3678 fidelibus
337 3631 403 3678 non
430 3605 618 3691 inirentur,
655 3607 720 3678 nisi
754 3607 845 3678 iuxta
870 3631 1004 3678 normas
1029 3601 1260 3679 ab.ecclesiae

153 3721 347 3818 pastoribus
371 3720 523 3819 positas,
553 3737 653 3817 atque
678 3719 829 3818 episcopi
856 3719 985 3807 luisse,
1012 3716 1168 3790 omnibus
1188 3745 1262 3816 per·

154 3837 300 3933 spectis,
319 3835 485 3921 iudicare,
500 3849 610 3906 utrum
628 3833 821 3929 coniugium
839 3833 986 3933 legitime
1003 3830 1162 3906 celebrari
1181 3860 1261 3932 pos-

224 4079 261 4138 (t)
280 4080 399 4128 lostttct
411 4078 454 4128 lib.
468 4080 509 4127 tv.
521 4090 574 4140 cap.
589 4084 625 4128 te.
636 4078 707 4141 §etz

226 4155 260 4216 (ι)
279 4157 310 4205 ln
327 4159 402 4220 rptst
415 4156 451 4207 ud
469 4156 605 4220 Polycarp.
616 4169 638 4204 ο.
651 4159 681 4207 v.
693 4155 733 4206 ιιΙ.
748 4157 852 4207 Cotelcr.
867 4155 939 4206 cuius
958 4154 1078 4218 integrum
1095 4155 1263 4207 testimonium

153 4234 188 4283 lta
198 4245 224 4282 se
236 4232 341 4283 lrabet:
342 4237 428 4285 «Decet
444 4249 519 4298 uero,
535 4238 562 4284 ut
579 4235 662 4299 sponsi
673 4237 696 4285 et
707 4248 832 4297 sponsae«
826 4235 857 4285 «lc
870 4233 989 4283 sententia
1003 4233 1109 4297 episcopi
1122 4233 1262 4294 coniugium

155 4312 258 4377 ιιοιιιι,
279 4327 328 4376 quo
348 4312 448 4379 ιιιιιιιίιι.ΙΙ
464 4318 525 4365 etc.
1241 4336 1244 4341 ·
