2804 5062
140 369 209 441 888
381 388 443 440 um.
464 388 501 440 u.
521 386 609 440 srcr.
630 388 654 439 r.
674 389 714 440 or
731 388 858 441 rorum.
879 387 1010 442 rosum.

136 509 181 584 lis
194 509 339 611 primam
353 507 521 582 dimiserit
536 533 691 596 uxorem,
707 510 826 608 postea
838 533 918 583 vero
932 508 991 582 fiat
1003 506 1216 586 christianus
1225 527 1256 586 et

137 624 245 700 celato
270 624 374 726 priori
400 623 577 720 coniugio,
599 623 691 696 insat
707 649 819 696 coram
838 623 987 722 parocho
1004 625 1256 700 matrimonium

137 766 215 817 cum
229 739 334 816 altera
345 739 506 826 muliera,
522 739 690 813 eiusmodi
704 739 892 813 secundum
908 739 1166 814 matrimonium
1179 757 1254 816 tam

137 884 240 960 quam
264 856 397 932 nullum
414 881 455 929 ac
472 856 603 929 irritum
621 855 805 944 habeatur,
821 869 855 929 et
872 854 1025 930 secunda
1040 881 1129 930 uxor
1151 858 1198 932 sit
1219 858 1257 931 li·

136 973 235 1060 bera,
248 998 288 1046 ac
300 971 409 1071 possit
425 996 501 1044 cum
515 969 583 1044 alio
593 971 667 1045 uiro
680 969 846 1044 catholico
860 969 999 1070 nuptias
1012 970 1157 1068 iungere
1164 975 1252 1068 (tt).

206 1089 295 1163 >Item
320 1113 362 1161 ex
387 1113 436 1160 ss.
465 1086 700 1185 inquisitionis
727 1111 891 1186 responso
907 1085 1091 1160 dicendum
1117 1102 1189 1176 est,
1216 1088 1254 1162 lo

138 1203 292 1303 gitimam
316 1225 453 1274 uxorem
479 1227 500 1274 a
524 1201 598 1275 viro
623 1200 719 1275 alteri
749 1202 980 1291 detenditam,
1014 1218 1050 1277 et
1079 1228 1162 1277 cum
1193 1227 1254 1304 qno

138 1317 183 1394 ad
207 1315 345 1414 longum
371 1329 504 1414 tempus
530 1315 757 1404 cohabitavit,
785 1317 891 1391 teneri
917 1317 948 1391 si
972 1317 1103 1417 possit,
1128 1317 1175 1392 ad
1194 1317 1254 1417 pri·

136 1457 231 1508 mum
256 1429 415 1504 maritum
440 1455 479 1504 se
504 1431 670 1530 recipere,
699 1447 759 1507 aut
782 1431 850 1506 sihi
875 1432 955 1530 fuga
984 1431 1185 1508 consulere
1200 1456 1254 1507 neo

137 1547 237 1623 aliter
259 1570 362 1646 posse
386 1543 496 1618 eidem
522 1546 666 1620 conferri
691 1547 878 1648 baptisma,
905 1548 975 1621 nisi
1000 1547 1149 1624 abiectis
1169 1547 1254 1624 adul·

137 1661 257 1739 terinis
281 1658 444 1747 nexibus,
473 1686 512 1735 se
536 1678 671 1762 separet
696 1663 741 1737 ab
765 1679 935 1763 emptore,
955 1679 1097 1764 excepto
1115 1663 1254 1747 articulo

141 1779 273 1868 mortis,
301 1780 332 1856 si
356 1780 478 1882 ipsam
503 1793 716 1878 pecceurum
741 1803 882 1854 suonam
907 1778 1080 1878 meritant
1097 1781 1193 1878 (88);

210 1897 240 1970 A
263 1897 305 1970 1).
327 1894 535 1996 Pompellier
557 1895 625 1970 uic.
651 1891 837 1994 apostolico
861 1894 975 1969 Norae
1003 1893 1176 1970 be'landae
1200 1920 1251 1971 aa.

139 2015 250 2086 tata.
270 2013 360 2087 duae
377 2013 594 2112 insequentes
612 2009 830 2112 quaestiones
846 2010 1044 2110 propositae
1056 2027 1157 2100 sunt,
1173 2035 1254 2114 quas

139 2125 209 2202 buc
234 2127 423 2201 referuntur
447 2127 482 2198 1.
501 2123 708 2212 «Quaeritur
731 2139 844 2198 utrum
869 2122 940 2198 duo
953 2124 1120 2223 coniuges
1142 2125 1253 2200 infide·

140 2239 192 2316 les
217 2241 355 2342 quando
384 2241 537 2318 conuersi
568 2239 797 2341 baptizantur,
832 2255 891 2314 aut
918 2266 988 2314 una
1015 2265 1102 2341 pars
1133 2256 1252 2316 unum

137 2357 350 2460 baptizatur,
385 2356 476 2432 licite
501 2356 634 2457 possint
657 2355 786 2443 ambo,
818 2355 873 2430 vel
898 2357 1007 2458 possit
1034 2383 1124 2457 pars
1150 2357 1250 2434 fidelis

139 2472 337 2549 cohabitare
361 2500 438 2549 cum
457 2489 551 2575 parte
569 2470 699 2545 infideli
717 2472 838 2570 chaque
861 2474 1071 2546 resecatione
1094 2478 1250 2549 matrina

135 2590 238 2663 ciclus
264 2617 447 2664 mensus.
461 2620 479 2660 »
496 2591 709 2688 Responsum
726 2614 827 2687 porro
844 2589 908 2662 fuit
924 2615 945 2661 a
962 2615 1034 2664 sac.
1057 2591 1161 2664 soff.
1181 2617 1249 2666 oon-

136 2705 347 2802 gregatione,
368 2704 458 2804 quod
485 2704 514 2776 si
541 2703 681 2776 dubium
700 2702 864 2777 nullitatis
890 2730 958 2779 non
976 2705 1022 2778 sit
1037 2731 1120 2780 rere
1138 2706 1249 2779 funda·

137 2834 221 2906 tum,
237 2822 402 2891 renovatio
423 2845 596 2892 consensus
614 2846 677 2891 non
690 2833 737 2891 est
747 2823 928 2893 necessario
939 2824 1012 2916 (53)
1025 2879 1032 2892 .
1046 2822 1080 2893 2.
1095 2824 1245 2910 «Utrum,

137 2933 169 3006 si
195 2957 275 3031 pars
301 2932 412 3005 fidelis
438 2934 645 3007 matrimonii
664 2934 714 3007 sic
733 2933 825 3022 initi,
847 2950 904 3007 aut
920 2935 1113 3010 confirmati
1145 2962 1248 3012 coram

137 3048 272 3149 proprio
285 3048 521 3137 missionari0‚
538 3049 763 3149 promissione
779 3048 822 3122 de
839 3050 1089 3126 cohabitatione
1116 3054 1247 3154 pacifica

135 3180 277 3263 aparte
302 3189 369 3237 non
394 3163 581 3262 baptizata,
610 3164 705 3262 prius
737 3162 834 3252 data,
868 3165 976 3265 possit
1000 3164 1157 3265 disiungi
1189 3176 1247 3241 non

136 3280 245 3353 solum
279 3280 391 3380 queam
426 3280 666 3354 habitationem
692 3295 726 3354 et
751 3295 879 3367 torum,
914 3281 974 3356 sed
1006 3282 1112 3355 etiam
1144 3280 1247 3384 quoad

135 3394 327 3483 uinculum,
349 3412 482 3495 aparte
500 3394 628 3469 infideli
646 3421 735 3494 quae
751 3395 913 3496 deinceps
932 3423 999 3470 uon
1015 3398 1088 3472 uult
1105 3400 1246 3500 amplius

136 3509 280 3608 pacifice
297 3510 490 3584 cohabitare
508 3527 644 3612 propter
660 3511 766 3611 partis
784 3510 894 3585 {idelis
914 3511 1134 3609 religionem
1152 3527 1246 3616 quac

136 3625 220 3698 ritur
241 3625 372 3699 scilicet
394 3643 505 3699 utrum
533 3625 615 3699 haec
634 3652 711 3727 pars
731 3626 842 3700 fidelis
860 3627 971 3726 possit
986 3627 1102 3702 valide
1119 3646 1153 3706 st
1169 3629 1246 3704 licita

135 3738 314 3814 convolare
339 3740 382 3814 ad
408 3741 495 3814 alias
521 3741 657 3839 nuptias
666 3739 705 3811 i»
726 3740 827 3841 Resp.
844 3742 1049 3841 Affirmcts'oe
1070 3746 1162 3841 (hd).

208 3942 259 4004 (51)
275 3943 320 3992 Die
337 3948 360 3991 5.
371 3945 432 4005 Aug.
447 3949 515 3993 1808.

208 4022 258 4085 (aa)
274 4023 321 4073 ute
337 4025 485 4073 sennaar.
501 4029 567 4073 rsos.

207 4103 257 4164 (5³)
273 4104 340 4153 Haec
360 4104 442 4153 subm
459 4105 577 4154 resolutio
597 4105 741 4174 confirmat,
762 4105 830 4169 quod
855 4106 929 4170 paulo
949 4107 1007 4158 ante
1028 4108 1204 4161 wrmu
1216 4105 1243 4156 dc

134 4193 185 4230 non
197 4183 333 4232 necessaria
350 4184 507 4234 renovatione
529 4196 662 4235 cousensus
678 4185 709 4235 dc
724 4187 856 4249 praeterito
876 4187 1055 4253 matrimonio,
1071 4203 1129 4241 cum
1143 4188 1240 4241 mutas

135 4261 297 4325 haphrantur.

208 4342 259 4407 (tt)
273 4345 343 4395 Foris
359 4347 390 4395 V.
407 4352 445 4398 2⁰.
459 4348 526 4410 sept.
538 4349 665 4412 approbat.
679 4363 693 4400 a
710 4350 754 4401 Pio
770 4352 812 4401 lx.
824 4349 885 4402 teria
897 4352 929 4401 V.
943 4354 982 4403 ²7.
995 4352 1062 4417 sept
