2804 5062
253 377 321 446 196
495 395 556 446 urs.
579 393 614 445 u.
636 393 721 444 sacr.
743 393 767 442 r.
789 393 829 443 on
849 392 975 444 rornsr.
995 388 1122 443 accam.

251 514 355 589 dorus
380 512 587 613 hispalensis
620 513 709 607 (tt),
734 537 773 586 ac
799 510 995 586 Theodorus
1025 509 1159 584 Studita
1187 511 1276 605 (tt),
1304 535 1347 583 neo

251 655 318 703 non
340 655 370 702 s.
397 627 554 702 Nicolaus
576 628 602 699 l.
628 625 824 700 describens
849 650 1024 713 «morem,
1045 639 1084 699 nt
1103 625 1180 723 ipse
1202 623 1346 725 loquitur,

252 771 353 844 quem
379 760 496 817 sancta
518 768 656 816 romana
681 742 831 842 suscepit
854 743 1056 839 antiquitus,
1082 755 1117 814 et
1147 739 1349 813 hactennsin

252 859 451 933 huiusmodi
472 856 765 930 coniunctionibus
787 870 877 929 tenet
894 855 1038 928 ecclesia
1061 854 1160 928 uobis
1186 871 1351 928 monstrare

256 974 513 1049 studebimus.»
542 973 671 1045 Deinde
697 998 775 1045 vero
805 972 904 1045 ritum
931 971 1067 1070 exponit
1091 970 1126 1043 in
1156 968 1350 1071 sponsalibus

256 1090 382 1165 servari
410 1088 544 1162 solitum
576 1090 663 1183 (36).

327 1205 364 1276 ln
386 1231 453 1277 non
475 1204 593 1303 paucis
615 1202 768 1277 conciliis
788 1202 1045 1303 particularibus
1064 1203 1258 1276 invenimus
1276 1225 1351 1300 praa·

255 1338 346 1394 terea
369 1320 476 1393 luisse
509 1319 675 1392 sancitum
688 1349 700 1406 ‚¹
724 1336 762 1391 ut
787 1317 961 1419 sponsalia
990 1320 1026 1389 in
1056 1316 1196 1418 publica
1227 1315 1353 1390 celebra·

255 1452 369 1510 rentur
399 1435 542 1509 ecclesia
574 1460 685 1507 coram
718 1435 866 1534 parocho
890 1449 923 1508 et
948 1434 1112 1520 testibus,
1141 1448 1181 1505 ut
1206 1433 1242 1504 in
1274 1454 1351 1504 cono.

254 1551 441 1639 rhemensi,
470 1553 503 1623 in
531 1577 598 1650 quo
624 1566 783 1623 statutum
809 1565 861 1624 est
885 1577 927 1623 ea
951 1550 1024 1624 lieri
1049 1549 1174 1623 debere
1203 1543 1351 1621 «nonnisi

256 1693 368 1741 coram
395 1670 537 1767 paraeco
560 1665 614 1739 vel
639 1666 712 1739 eius
729 1665 874 1754 vicario,
896 1665 999 1765 idque
1016 1665 1051 1737 in
1069 1663 1236 1751 ecclesia,
1256 1678 1289 1737 et
1304 1685 1354 1734 uon

257 1781 361 1870 alibi,
382 1780 449 1854 nisi
475 1781 518 1854 de
543 1781 703 1854 ordinarii
729 1780 865 1854 licentia
890 1778 994 1878 gratis
1023 1778 1262 1864 concedenda,
1290 1799 1355 1877 qua

259 1914 334 1971 tuor
350 1896 403 1970 vel
421 1897 528 1970 tribus
546 1895 664 1968 saltem
683 1896 826 1970 testibus
848 1893 1082 1995 praesentibus
1100 1896 1227 1990 (att,
1247 1891 1355 1966 Eadem

257 2012 358 2084 etiam
384 2011 519 2110 publice
544 2008 705 2083 celebrari
731 2009 829 2108 longe
853 2026 931 2082 ante
957 2009 1127 2082 iusserant
1148 2005 1302 2108 synodus
1316 2028 1357 2079 cc

257 2126 421 2201 loniensis
439 2129 529 2223 (38),
547 2127 626 2199 item
648 2141 773 2199 statuta
796 2124 976 2226 synodalia
995 2123 1163 2198 Guillelmi
1178 2122 1357 2221 gubernato

237 2240 239 2245 ’
259 2241 306 2314 ris
326 2240 565 2315 macloviensis
584 2239 735 2339 episcopi
758 2242 848 2336 (39),
876 2239 1031 2340 synodus
1053 2237 1268 2335 wigoriensis
1287 2236 1357 2333 (ll),

258 2380 347 2454 quae
385 2355 525 2454 insuper
561 2354 760 2429 constituit:
789 2352 976 2452 ‘sponsalia
1008 2353 1078 2425 sisi
1112 2354 1227 2426 iciam
1270 2350 1359 2425 solim

261 2468 344 2540 liant
372 2470 499 2564 (tl).»

333 2582 416 2655 Cum
439 2584 541 2680 igitur
566 2600 635 2659 tum
654 2612 694 2658 ox
718 2586 766 2657 rei
792 2586 901 2685 ipsius
920 2600 1059 2671 natura,
1088 2601 1158 2657 tum
1181 2609 1223 2656 ex
1247 2598 1358 2682 patrm

262 2696 438 2784 doctrina,
467 2715 537 2771 tum
554 2699 702 2801 denique
725 2728 766 2773 ex
783 2727 848 2774 usu
865 2702 1033 2774 constanti
1051 2699 1191 2800 iugique
1208 2701 1309 2772 totius
1323 2719 1359 2769 ec

261 2811 387 2884 clesiae·
409 2814 502 2912 praxi
529 2831 655 2887 certum
682 2817 726 2889 sit
743 2818 919 2915 sponsalia
944 2832 1095 2916 spectata
1120 2842 1257 2915 semper
1273 2814 1358 2886 tuine

263 2927 309 2999 uti
339 2945 466 3025 partem
498 2930 694 3027 integralem
725 2933 929 3005 matrimonii
960 2933 1057 3005 cuius
1084 2930 1359 3004 administratiot

265 3043 400 3116 Christo
430 3045 572 3120 Domino
602 3046 765 3119 ecclesiae
791 3049 984 3120 commissa·
996 3048 1081 3134 luit,
1110 3046 1267 3145 pluribus
1296 3063 1362 3144 opus

264 3185 330 3233 non
356 3176 432 3248 est,
462 3178 499 3233 ut
523 3161 764 3236 concludamus
795 3165 866 3237 iure
891 3164 1075 3264 meritoque
1101 3163 1252 3235 inustam
1276 3160 1361 3233 suisa

263 3301 283 3347 a
309 3274 367 3349 Pio
388 3276 443 3356 vl.
474 3278 633 3376 pontifice
658 3306 835 3352 censuram
861 3279 1034 3353 doctrinae
1054 3277 1177 3378 synodi
1204 3276 1362 3378 pistorien·

264 3391 331 3477 sis,
361 3409 394 3464 et
419 3392 537 3465 iterum
564 3420 585 3464 a
607 3394 665 3467 Pio
692 3394 747 3464 lll.
777 3395 930 3467 eamdem
957 3395 1189 3468 confirmatam
1219 3387 1363 3466 luisseir

332 3535 383 3598 (aa)
399 3536 452 3586 uro.
471 3536 628 3600 nasamone.
641 3536 685 3586 uo.
703 3540 744 3587 rx.
758 3551 780 3587 c.
796 3542 818 3587 r.
830 3540 855 3588 et
868 3541 906 3588 ne
921 3537 1017 3600 afficto
1034 3538 1077 3588 ao.
1094 3540 1126 3588 u.
1141 3551 1164 3589 c.
1178 3543 1218 3588 ao.
1233 3535 1273 3588 at.
1287 3527 1365 3586 aer-l

267 3617 359 3666 Romae
377 3621 445 3668 1798.
462 3672 465 3677 ,

334 3698 384 3759 (ss)
400 3699 514 3762 Epistol.
532 3700 576 3750 lib.
594 3702 614 3749 1.
626 3713 664 3764 ep.
679 3708 717 3752 50.
731 3702 770 3751 ed.
784 3700 908 3751 sirmondi
918 3714 975 3764 opp.
987 3702 1048 3750 tom.
1063 3703 1094 3750 v.

333 3781 384 3844 (36)
401 3783 429 3830 ln
444 3781 486 3830 cit.
506 3781 629 3845 Respod
640 3782 914 3846 conscttoBolooror.
926 3783 974 3832 loc.
988 3782 1031 3834 eit.

333 3862 384 3924 (³7)
400 3864 504 3912 Decreta
525 3863 557 3913 de
579 3864 735 3914 matrimonio
751 3878 777 3914 n.
793 3868 816 3914 t.
838 3864 904 3928 apud
926 3863 1047 3914 Harduio.
1068 3864 1135 3914 Acta
1154 3863 1250 3915 concil.
1272 3863 1330 3912 mm.
1344 3856 1368 3906 Χ·

265 3939 313 3991 col.
331 3946 398 3992 ttat.
417 3941 567 3992 celebratum
585 3944 623 3993 est
641 3945 722 3994 autem
740 3956 780 3994 an.
799 3951 868 3994 158³.

297 4099 306 4148 l
335 4022 385 4085 (aa)
399 4025 461 4087 cap.
475 4026 506 4075 x.
521 4037 584 4087 quae
605 4027 690 4074 coacta
709 4027 747 4075 est
764 4037 804 4074 an.
817 4032 884 4077 raso.
902 4024 969 4089 apud
980 4023 1057 4075 Hard.
1074 4025 1141 4075 Acta
1161 4036 1236 4076 coac.
1249 4024 1310 4074 tom
1328 4018 1371 4071 uu.

267 4112 296 4148 co
310 4137 314 4146 .
329 4106 382 4150 eta.

334 4180 384 4242 (ta)
400 4182 471 4245 Apud
487 4184 633 4233 Martenium
650 4186 688 4234 De
699 4154 782 4248 ontio.
802 4183 865 4234 eccl.
879 4186 924 4235 rtt.
936 4184 982 4234 lib.
998 4186 1018 4233 1.
1030 4196 1085 4246 cap.
1098 4184 1141 4234 lx.
1154 4186 1202 4234 art.
1215 4191 1239 4235 ³.

337 4259 388 4321 (to)
404 4263 464 4324 cap.
483 4265 549 4313 xlv.
567 4263 631 4314 tntu.
648 4263 697 4313 col.
715 4271 769 4315 aas.
786 4265 909 4318 celebrata
923 4268 960 4316 eat
976 4265 1037 4315 haec
1051 4263 1162 4326 synodus
1175 4276 1218 4315 an.
1235 4267 1305 4316 tato.

336 4338 387 4401 (tt)
402 4339 441 4390 ct.
457 4343 560 4393 Martem
575 4356 617 4406 op.
631 4344 656 4393 et
669 4343 714 4393 loc.
731 4344 773 4395 eit.
