2804 5062
252 344 321 417 tte
501 364 563 416 ιιι.
583 364 619 416 ιι.
640 363 728 416 scor.
749 364 774 414 ι.
789 364 830 415 ιιι
846 363 973 416 ιοιιιι.
989 362 1119 416 ιιιιιι.

249 486 296 562 sit
320 483 534 583 coniugium,
561 485 630 557 nisi
645 482 687 558 ob
708 483 760 556 inu
785 484 846 583 qui
867 509 966 582 super
986 485 1094 583 ipsam
1116 484 1292 585 [neminen
1307 484 1349 558 do

248 603 460 674 minationem
479 600 595 673 habero
612 598 765 673 uidentur
784 615 815 672 et
826 626 848 671 o
867 600 986 697 quibus
1012 599 1198 674 custoditur
1215 628 1350 702 ucorpe

249 733 356 803 tatur,
380 733 445 790 eto
455 717 647 816 parentibus
660 731 691 788 et
703 742 725 787 o
742 716 1035 815 propinquioribus
1056 732 1233 815 sponsetur
1248 720 1348 815 (15)»

248 847 287 905 ut
311 832 379 905 alia
403 848 609 933 praeteream
634 833 722 928 (dd).
753 831 875 905 Contra
900 858 979 906 vero
1004 833 1164 907 Nicotaus
1191 834 1219 905 Ι.
1247 861 1350 934 paren

248 963 339 1035 tum,
368 963 427 1022 aut
453 945 720 1048 propinquorum
753 946 1010 1022 consensionem
1041 947 1184 1023 minime
1208 975 1349 1024 necesso·

247 1063 333 1137 riam
351 1062 551 1149 declaravit,
567 1062 701 1137 dicens:
721 1062 901 1136 «Sufficiat
916 1052 1092 1136 secundum
1112 1064 1201 1162 lepos
1224 1069 1350 1164 (nempe

247 1177 430 1274 eeclesiae)
455 1178 549 1252 solus
572 1205 687 1252 eorum
711 1204 899 1253 consensus
920 1179 963 1253 de
986 1205 1131 1280 quonum
1157 1180 1351 1256 coniunctio·

247 1294 349 1369 nibus
373 1295 496 1394 agitur.
526 1294 592 1381 Qui
613 1321 802 1370 consensus
824 1295 910 1368 siin
928 1295 1056 1396 nuptiis
1078 1294 1176 1370 solus
1198 1295 1287 1371 forto
1306 1296 1351 1371 de

246 1411 366 1500 tuerit,
383 1429 492 1486 cetera
510 1410 643 1500 omnia,
660 1412 762 1485 etiam
780 1437 857 1485 cum
875 1412 952 1511 ipso
971 1411 1061 1486 coitu
1078 1410 1276 1502 celebrata,
1295 1412 1349 1486 iro·

247 1541 396 1601 strantur
412 1529 526 1623 (tt).»
543 1525 670 1600 Eadem
689 1527 865 1601 confirmat
878 1526 1094 1601 Innocentius
1106 1527 1169 1600 111.
1189 1529 1282 1625 (18),
1301 1529 1350 1601 ln·

247 1643 321 1718 cius
339 1644 417 1719 item
438 1644 497 1715 111.
519 1644 609 1739 (19),
625 1669 665 1716 ac
684 1643 821 1717 demum
833 1641 1015 1717 concilium
1028 1642 1252 1718 tridentinum
1273 1647 1348 1742 (ot).

318 1759 368 1833 Ex
387 1758 513 1860 quibus
526 1758 611 1832 illud
631 1760 733 1833 etiam
752 1759 881 1833 emitur
905 1785 974 1833 non
991 1759 1093 1834 modo
1114 1759 1237 1835 civiles
1254 1759 1347 1860 lega,

245 1875 477 1950 verumetiam
489 1874 738 1949 ecclesiasticas
763 1875 800 1947 in
822 1875 940 1949 eodem
958 1900 1064 1949 censu
1076 1874 1246 1950 habuisse
1265 1901 1351 1976 spon·

244 1990 332 2064 selia
350 2016 389 2063 ac
409 1990 680 2076 matrimonium,
697 1989 850 2088 adeoque
867 2015 945 2063 cum
965 2004 1096 2064 constet
1116 1989 1298 2065 eeclesiam
1310 1989 1347 2064 uti

244 2103 413 2179 obiectam
433 2132 534 2178 ιιιιιιιι
548 2121 742 2179 constanter
761 2104 924 2179 habuisse
946 2105 1162 2203 coniugium,
1178 2122 1296 2208 utpote
1310 2131 1348 2181 sc

243 2236 472 2308 crementum,
492 2220 677 2320 etquidem
696 2219 888 2310 exclusive,
914 2221 951 2293 in
964 2221 1055 2321 quod
1076 2239 1251 2297 exerceret
1268 2245 1346 2296 suaa

243 2352 464 2435 potestatem,
498 2337 545 2410 ita
570 2337 672 2410 etiam
698 2351 830 2410 constat
850 2335 899 2409 uti
930 2362 1013 2410 suae
1040 2337 1252 2412 auctomtatis
1274 2336 1348 2412 obis·

242 2466 333 2525 ctum
360 2468 535 2551 spectasse
560 2450 758 2552 sponsalia,
783 2478 871 2551 quae
895 2451 939 2524 ad
963 2452 1149 2527 ineundum
1171 2453 1347 2551 coniugium

242 2566 333 2640 viam
358 2582 490 2666 parant.
520 2566 650 2639 Exinde
669 2592 793 2640 novum
819 2566 925 2639 oritur
937 2581 1174 2664 argumentum
1192 2567 1238 2641 ad
1259 2563 1346 2640 seols-

243 2679 316 2753 sine
337 2696 535 2779 potestatem
557 2682 594 2753 in
614 2681 825 2780 sponsalium
846 2681 1017 2756 vinculum
1040 2681 1215 2757 exclusive
1232 2681 1346 2756 adsua-

241 2793 363 2866 endam
382 2794 691 2895 vindicandumque
711 2796 874 2871 adversus
900 2797 1141 2895 pistorienses,
1163 2798 1274 2900 Nupta
1288 2855 1296 2885 ,
1312 2809 1346 2870 ut

241 2936 309 3010 que
334 2909 463 2984 aulicos
488 2926 522 2984 et
546 2910 724 3009 regalistae
750 2928 878 2987 ceteros
899 2915 989 3009 (ot).

307 3070 357 3134 (15)
373 3070 446 3135 Apud
462 3071 606 3122 Gratianum
621 3071 647 3120 ta
662 3084 718 3135 cop.
733 3071 819 3122 Atttcr
834 3078 873 3123 m.
888 3084 913 3135 q.
926 3078 950 3122 5.

308 3151 358 3215 (te)
373 3151 477 3202 Tertull.
490 3151 533 3200 tib.
547 3152 579 3201 11.
590 3149 631 3200 Ad
640 3163 725 3212 uxor,
736 3164 758 3201 c.
771 3154 802 3201 v.
816 3150 917 3201 scrtbtt:
932 3168 945 3194 a
955 3151 1017 3202 Ram
1029 3162 1110 3214 neqae
1119 3149 1145 3200 ia
1155 3150 1230 3204 tsrr'u
1241 3151 1345 3204 aaut·

237 3244 310 3282 sensu
319 3231 499 3296 parentumfllii
509 3233 575 3283 recte
590 3234 615 3281 et
625 3231 677 3281 iure
687 3230 788 3281 nabent.
798 3250 810 3274 ιι
827 3231 866 3282 ct.
880 3230 1000 3281 Gonnulez
1009 3230 1035 3280 in
1050 3232 1126 3281 Notte
1138 3229 1176 3281 nd
1192 3244 1266 3283 conc.
1280 3226 1347 3282 ttttte

238 3312 285 3360 stt.
294 3310 325 3360 ad
335 3313 454 3362 caan.
464 3313 523 3361 ttem
533 3311 648 3360 Pontium
656 3312 820 3360 Demetrtm.
830 3309 875 3359 ltb.
887 3311 920 3359 11.
934 3308 1077 3372 cap.1.§.l.
1089 3309 1123 3359 et.
1134 3309 1169 3359 11.
1176 3312 1289 3361 Annum.
1304 3309 1347 3360 GC·

239 3391 351 3441 monium
362 3391 544 3443 Antmodoors.
556 3392 601 3442 tto.
614 3393 647 3441 lt.
662 3404 717 3455 cap.
730 3394 773 3441 xt.
788 3392 880 3441 Romae
892 3396 959 3441 totu.
972 3402 1030 3453 opp.
1041 3390 1102 3440 tom.
1115 3390 1148 3441 11.
1163 3403 1220 3455 pag.
1240 3393 1284 3442 175
1293 3397 1348 3450 stat·

238 3473 405 3535 Espeacaeum
415 3476 453 3524 De
467 3473 625 3525 omndmttn.
635 3474 752 3522 motrtm
766 3484 789 3522 c.
809 3478 834 3522 ιι
850 3483 922 3534 seqq.
935 3483 995 3534 opp·
1009 3469 1048 3522 ed.
1059 3470 1137 3522 Puris.
1156 3477 1227 3522 tete.
1238 3483 1293 3536 pag.
1306 3471 1348 3522 eu.

237 3549 362 3615 Albaspin.
374 3551 405 3600 ad
417 3552 520 3603 Tertntl.
529 3552 572 3602 tto.
582 3552 704 3602 observat.
715 3553 802 3601 xxtv.
813 3549 935 3600 Francisc.
945 3551 1115 3600 Hounannum
1127 3549 1288 3615 Desponsoi.
1299 3545 1348 3600 ute

235 3631 311 3682 strtt.
322 3633 417 3695 quam.
431 3634 473 3682 lx.
484 3636 520 3683 De
536 3634 575 3683 his
590 3633 664 3683 etiam
680 3632 731 3696 agit
746 3630 884 3682 Brissontus
899 3630 926 3680 tn
941 3629 1040 3681 duobos
1054 3630 1111 3682 tibr.
1124 3631 1164 3681 Dc
1174 3632 1233 3682 rttu
1244 3632 1348 3696 mun.

237 3715 264 3764 et
281 3713 314 3765 de
333 3717 393 3764 ture
411 3714 565 3764 concutior.

306 3795 357 3857 (ot)
374 3794 481 3846 Consul.
492 3793 847 3858 Butooror.c.s.Gratian.in
857 3791 1132 3857 cap.Susstetot.causa
1142 3793 1351 3856 umquem.

306 3877 356 3939 (ts)
373 3879 402 3926 ln
415 3890 469 3939 cap.
485 3879 556 3926 tuos
567 3874 740 3937 froternttote'
758 3873 790 3925 de
806 3872 922 3939 sponsal.
933 3876 959 3923 et
971 3874 1050 3922 motr.

306 3957 357 4019 (19)
373 3959 401 4006 tn
417 3958 489 4020 epist.
511 3955 542 4006 nd
553 3958 670 4019 Burgsns.
683 3957 758 4020 episc.
778 3956 803 4005 in
822 3968 877 4019 cap.
891 3957 958 4006 cum
971 3966 1054 4005 conso
1065 3952 1098 4004 dc
1107 3953 1274 4018 raptortbus.
1286 3955 1351 4004 Dert-

240 4035 283 4086 tib.
295 4039 326 4086 V.
342 4037 382 4087 ut.
397 4040 435 4086 17.
446 4044 470 4086 5.

307 4114 358 4178 (5ο)
374 4120 438 4166 sess.
455 4119 543 4167 xttlv.
561 4118 599 4167 Dc
612 4114 722 4177 roscrnn
732 4117 812 4164 metr.
826 4127 879 4178 cap.
895 4115 916 4163 1.

305 4196 356 4259 (51)
371 4196 485 4247 Vidimus
499 4198 572 4260 paulo
588 4198 645 4247 ento
660 4195 699 4247 vel
717 4194 799 4260 ipsum
815 4195 977 4246 Boehmemm
988 4192 1194 4246 iurisconsultam
1207 4193 1355 4246 tuuauon

234 4274 266 4325 ad
282 4285 368 4326 causas
384 4288 451 4327 mere
465 4276 644 4330 emlmtaottcas
665 4276 790 4340 sponsalia
810 4275 917 4338 retum,
934 4275 1010 4340 atque
1028 4275 1066 4327 uti
1082 4274 1145 4327 tales
1166 4288 1184 4328 a
1198 4273 1356 4329 atham

235 4355 424 4420 protestanttam
440 4354 536 4408 habat
1244 4393 1249 4404 .
