2804 5062
218 314 284 384 l8d
414 334 474 384 tm.
498 333 532 382 u.
554 331 640 381 seor.
662 331 792 380 rursm.
815 328 855 378 ns
873 327 999 378 rorrsr.
1022 327 1133 377 orirer.

213 470 361 527 mantum
389 451 626 550 temporarium
647 449 710 536 sit,
734 446 899 546 suspendi
925 446 1050 521 debere
1073 444 1331 521 celebrationem

213 569 360 667 coniugii
386 568 493 641 donec
518 566 618 640 luerit
643 565 825 639 sublatum.
844 565 894 637 lta
912 565 1012 646 etiam
1037 586 1104 637 non
1132 562 1267 638 dubitat
1280 589 1333 639 ro-

215 712 291 759 care
317 683 568 758 matrimonium
595 681 782 754 inchoatum
798 697 832 753 et
849 678 998 754 nondum
1021 680 1228 780 perlectum,
1250 681 1332 780 quod

160 874 167 900 ,
214 801 406 886 canonice,
438 825 500 873 seu
526 799 618 870 iuxta
648 795 811 871 ccclesiae
845 795 936 894 leges
971 794 1074 870 luerit
1106 811 1332 883 contractum,

215 916 324 990 donec
341 914 430 988 ciuili
450 913 524 1011 lege
541 911 750 1014 perficiatur3
766 926 866 1010 atque
884 909 1019 984 iuterim
1036 909 1132 994 haud
1147 937 1252 1012 posse
1267 938 1334 986 oon

217 1031 312 1128 iuges
340 1027 551 1102 matrimonio
576 1025 660 1100 inito
685 1047 797 1100 eoram
824 1023 967 1099 ecclesia
989 1025 1060 1114 uti,
1082 1025 1152 1100 nisi
1172 1024 1271 1126 prius
1286 1053 1334 1102 oo·

215 1172 286 1222 ram
310 1145 508 1242 magistratu
527 1168 730 1217 consensum
749 1141 811 1215 rite
828 1141 1068 1240 praestiterint.
1091 1140 1253 1218 affirmat
1269 1143 1334 1216 nul·

215 1260 286 1334 lum
305 1259 412 1334 luisse
429 1273 673 1332 sacramentum
699 1256 811 1357 quoad
828 1282 909 1346 cos,
930 1257 989 1357 qui
1008 1258 1256 1357 praetermisso
1271 1257 1334 1334 loro

217 1371 325 1464 ciuili,
343 1375 453 1450 solum
467 1400 579 1449 coram
593 1372 739 1448 ecelesia
750 1373 944 1470 coniugium
959 1372 1224 1462 celebraverint,
1242 1375 1335 1475 idque

216 1518 260 1565 ec
277 1491 404 1590 defectu
421 1490 553 1562 idoneae
569 1490 749 1573 materiae,
765 1506 854 1588 quae
867 1488 902 1560 in
917 1487 991 1562 eius
1010 1504 1200 1589 systemate
1219 1490 1336 1564 consti·

110 1605 111 1608 '
218 1608 325 1681 tuitur
349 1633 391 1681 ex
415 1621 587 1685 contractu
613 1603 724 1690 civili;
743 1603 912 1704 ,quodque
942 1602 1092 1678 deterius
1119 1604 1238 1679 adhuc
1269 1623 1333 1691 est,

79 1710 126 1812 ,²³⁵⁴
219 1723 366 1799 allirmat
378 1721 458 1795 item
473 1718 588 1819 perlici
602 1734 847 1793 sacramentum
862 1744 938 1792 cum
957 1736 1137 1794 renovatur
1154 1745 1336 1794 consensus

220 1865 332 1917 coram
359 1837 579 1934 magistratu,
609 1834 643 1916 in
669 1859 783 1908 eorum
810 1834 996 1922 sententia,
1024 1834 1084 1934 qui
1111 1851 1231 1912 tenant
1264 1861 1336 1910 con·

219 1941 390 2031 trahentes
416 1950 588 2025 ministros
615 1976 692 2024 esse
718 1948 932 2023 sacramenti.

291 2075 407 2171 Neque
432 2069 466 2140 id
493 2069 595 2156 satis;
616 2068 876 2168 scd‘praeterea
900 2068 1045 2142 allirmat
1069 2095 1149 2156 eos,
1179 2071 1241 2170 qui
1260 2095 1333 2143 oon·

220 2187 348 2284 iugium
374 2211 485 2260 coram
512 2182 655 2257 ecclesia
679 2181 890 2256 celebrarunt
915 2209 991 2256 cum
1018 2181 1255 2284 aliquociuili
1280 2184 1336 2255 im·

220 2301 432 2401 pedimento,
461 2298 538 2371 ideo
556 2297 665 2372 solum
683 2323 751 2371 non
769 2297 892 2372 dehere
909 2297 1038 2371 admitti
1063 2298 1105 2372 ad
1127 2325 1255 2374 novum
1273 2325 1337 2371 ma·

220 2417 434 2504 trimonium,
457 2416 546 2516 quod
571 2415 737 2488 sententia
763 2441 864 2514 quam
889 2414 963 2515 ipso
985 2431 1194 2516 propugnat,
1216 2415 1339 2490 nonsit

221 2533 357 2607 omnino
376 2550 481 2617 certa,
504 2532 563 2604 sed
584 2557 644 2630 per
657 2558 695 2606 se
707 2534 823 2631 utique
842 2549 974 2631 posset;
991 2533 1058 2605 imo
1073 2531 1219 2606 ulterius
1233 2532 1339 2606 adhuc

222 2649 440 2746 progrediens
478 2647 626 2719 validum
659 2648 858 2747 pronunciat
896 2674 1016 2721 novum
1054 2650 1333 2730 matrimonium,

221 2764 311 2862 quod
339 2764 500 2847 iniretur,
529 2763 612 2860 quin
638 2763 748 2835 obstet
772 2762 953 2836 celebratio
986 2763 1193 2836 matrimonii
1221 2763 1337 2865 prioris

222 2879 256 2947 in
282 2876 367 2949 laoie
392 2876 557 2948 ecclesiae
574 2893 607 2948 ot
625 2877 715 2948 iuxta
740 2876 832 2974 legas
851 2879 1051 2964 canonicas,
1072 2895 1190 2978 utpote
1214 2879 1338 2950 irritum

221 2993 263 3065 ob
290 2991 566 3091 impedimentum
585 2990 703 3076 civile,
725 2993 962 3092 concluditque
980 2993 1045 3066 hoc
1063 2994 1255 3067 secundum
1278 3019 1339 3065 ma·

222 3107 414 3179 trimonium
435 3106 468 3177 in
488 3122 628 3205 utroque
655 3106 726 3178 loro
749 3106 870 3179 initum
891 3120 956 3180 non
974 3134 1050 3180 esse
1067 3108 1336 3189 dissoluendum,

222 3223 300 3295 lieet
327 3222 420 3320 prius
447 3221 586 3294 alterum
612 3223 774 3295 canonice
799 3222 1005 3295 celebratum
1032 3223 1165 3296 luisset.

302 3337 367 3408 Sed
387 3362 495 3436 neque
514 3336 569 3408 hio
588 3336 762 3422 subsistit;
787 3337 956 3436 siquidem
975 3338 1008 3409 in
1027 3338 1233 3438 hypothesi,
1255 3339 1340 3440 quod

224 3451 473 3524 matrimonium
500 3453 545 3524 sit
570 3478 660 3523 mere
691 3451 807 3539 civile,
836 3479 875 3525 se
908 3468 1085 3553 propterea
1111 3454 1273 3540 irritum,
1305 3481 1341 3527 eo

222 3567 313 3665 quod
338 3594 451 3641 eoram
479 3567 625 3666 parocho
645 3595 709 3640 non
730 3568 827 3640 luerit
845 3568 1069 3656 celebratum;
1090 3596 1169 3642 cum
1189 3588 1301 3644 tamen
1322 3596 1339 3640 a

223 3682 296 3779 lege
322 3682 411 3755 civili
440 3683 486 3755 uti
512 3683 661 3755 validum
689 3684 870 3770 habeatur,
900 3684 1020 3771 allicit,
1049 3702 1086 3756 ut
1112 3687 1208 3785 prius
1235 3687 1341 3759 matri·

221 3798 371 3869 monium
391 3798 656 3871 ecclesiasticum
676 3825 741 3870 non
761 3800 870 3897 possit
887 3800 1002 3897 perfici
1018 3801 1051 3869 in
1066 3799 1138 3872 loro
1150 3801 1265 3888 civili;
1284 3827 1339 3872 seu

223 3904 294 3982 lieri
313 3913 514 3986 insanabile.
537 3915 586 3985 Ex
605 3941 672 4012 quo
691 3913 827 3987 deducit
846 3940 920 4002 eoo,
943 3915 1001 4014 qui
1021 3915 1094 4007 solo
1110 3915 1339 3990 ecclesiastico

221 4028 375 4122 coniugio
401 4029 545 4127 copulati
575 4047 669 4113 sunt,
699 4028 796 4125 longe
823 4028 1032 4128 probabilius
1059 4029 1185 4104 debere
1210 4032 1246 4103 in
1271 4058 1339 4130 per-

220 4155 319 4235 petua
350 4143 554 4216 continentia
584 4143 720 4230 uivere,
755 4162 791 4215 ut
816 4145 866 4216 sio
894 4143 1050 4243 propriae
1078 4145 1179 4219 saluti
1208 4145 1337 4245 prospi-

219 4271 318 4324 etant.
