2804 5062
160 384 231 455 tto
399 405 461 454 im.
482 404 519 454 ιι.
540 402 626 454 seer.
647 403 671 452 ι.
695 403 735 452 nn
753 403 879 454 rornsr.
902 405 1033 457 munis.
1094 411 1097 415 ·
1129 442 1132 447 .

158 524 296 600 illieitae
311 525 451 624 (iilis
464 523 576 610 Quare
588 521 641 598 vel
655 522 730 622 ipse
740 523 891 610 Pontius,
902 525 963 623 qui
976 524 1195 597 adstruxerat
1207 546 1284 595 oon-

159 643 290 741 iugium
315 641 403 716 inter
427 640 547 713 fratres
571 664 612 712 ao
637 664 770 712 sorores
795 639 935 713 minime
959 641 1091 713 irritum
1118 663 1200 712 esse
1225 663 1285 721 na-

159 774 256 832 turae
280 758 370 845 iure,
392 781 471 830 oum
496 754 705 855 pervenisset
717 755 760 828 ad
779 753 844 828 sibi
863 754 1027 829 obiectam
1045 753 1284 828 difficulatem

159 873 203 948 ab
234 871 426 946 indecentia
458 869 594 971 petitam
630 869 833 970 respondet:
866 869 1030 969 «Aequa
1045 868 1190 967 gneio,
1219 871 1285 942 t'tno

158 990 295 1088 promor
319 987 489 1086 turpitudo
514 986 662 1061 eernitur
687 985 722 1059 in
748 1012 788 1059 eo
813 986 904 1085 quod
929 985 1009 1086 quis
1026 990 1208 1059 noueream
1224 1000 1287 1058 aut

162 1103 352 1204 privignam
386 1103 489 1177 dunat
519 1128 673 1191 uxorem,
703 1101 757 1177 vel
786 1101 937 1175 relictam
964 1100 1150 1188 auunculi,
1170 1115 1208 1173 et
1230 1115 1285 1177 te·

157 1242 235 1291 men
261 1217 334 1292 solo
358 1217 590 1292 eeclesiastico
614 1216 913 1348 impedimentosa
931 1216 1090 1314 coniugia
1115 1215 1285 1288 dirimun-

161 1349 216 1406 tur
231 1335 542 1432 (122)»1lemum
562 1334 683 1408 celans
701 1333 839 1407 omissis
853 1333 1079 1430 ,Rigantium
1103 1333 1282 1460 «Perpes-

156 1449 277 1524 dentes
298 1450 494 1550 pontifices,
515 1451 648 1551 inquit,
669 1449 762 1549 quod
781 1449 935 1549 privigna
961 1462 1130 1572 respectu
1145 1446 1276 1533 vitrici,

156 1565 332 1665 privignus
357 1582 513 1666 respectu
539 1591 723 1652 novercae,
746 1591 852 1638 nurus
870 1564 1024 1663 respectu
1044 1561 1155 1635 soseri
1178 1585 1278 1660 genas

158 1695 313 1780 respectu
332 1708 450 1756 socrus
476 1681 621 1755 liliorum
643 1681 716 1755 loeo
738 1680 846 1753 habiti
867 1694 965 1766 sunt,
994 1704 1062 1778 qua
1087 1679 1224 1751 ratione
1238 1701 1277 1751 ss

156 1796 291 1869 ilerum
306 1791 529 1870 ooniaootions
552 1799 702 1870 monimo
726 1799 871 1868 oriretur
893 1793 1060 1892 turpitudo
1076 1808 1111 1891 st
1127 1792 1275 1865 indecen-

156 1913 215 1985 tio.
225 1970 231 1983 .
241 1971 248 1984 .
258 1912 303 1987 ab
314 1913 571 2013 dispensatione
588 1913 804 1987 concedenda
821 1937 859 1985 se
876 1910 1116 1984 abstinuerunt
1130 1911 1269 2006 (liliis

228 2028 301 2102 llac
326 2029 485 2102 nimirum
512 2028 556 2102 de
584 2053 689 2102 causa
720 2028 845 2101 laetum
877 2039 1089 2110 retromeat,
1118 2032 1275 2127 utznunp·

155 2169 260 2243 quam
286 2170 369 2219 rom.
389 2145 564 2246 pontiiioas
585 2144 780 2244 quempiam
799 2140 949 2215 relaxare
966 2139 1142 2216 voluerint
1154 2139 1199 2213 ab
1214 2139 1274 2215 hut

155 2259 416 2360 impedimento,
444 2261 578 2335 etiamsi
607 2287 673 2334 non
700 2258 804 2332 semel
827 2258 893 2331 viri
916 2256 1163 2358 potentissimi,
1179 2255 1272 2353 regia

153 2374 255 2448 etim
281 2377 488 2476 quandoque
511 2401 552 2449 ao
576 2373 744 2474 imperiali
770 2374 937 2471 dignitate
970 2371 1140 2469 fulgentes
1165 2369 1272 2447 enixis

152 2490 311 2590 precibus
329 2491 496 2565 eiusmodi
514 2490 754 2564 relaxationem
778 2490 952 2589 petierint,
972 2503 1075 2587 atque
1092 2489 1129 2560 in
1147 2485 1269 2561 talibus

65 2651 68 2657 -
151 2631 262 2678 rerum
281 2606 467 2695 adiunctis,
484 2624 520 2680 ut
542 2608 689 2705 quadam
707 2606 808 2680 veluti
827 2604 1027 2679 necessitate
1040 2604 1083 2678 ad
1097 2630 1177 2678 eam
1193 2629 1270 2679 oon

151 2719 337 2793 cedendam
357 2723 532 2822 pontifices
551 2722 706 2822 compelli
723 2722 916 2795 viderentur
931 2723 1045 2817 (121).
1061 2721 1270 2822 Vereitaqns

149 2835 350 2910 Benedictus
374 2838 458 2913 xlv.
487 2839 522 2911 in
552 2864 608 2938 op.
639 2838 687 2910 De
717 2838 840 2938 synodo
870 2838 1004 2910 dioeces.
1037 2836 1268 2938 scripsit.»dt

148 2948 319 3053 quidquid
340 2955 385 3029 sit
401 2956 445 3028 de
462 2971 626 3054 potestate
653 2981 736 3029 rom.
755 2954 945 3054 pontificis,
975 2955 1037 3027 etsi
1065 2953 1196 3054 pluries
1214 2978 1264 3027 ro·

148 3070 217 3166 gali
242 3071 477 3147 abstinuerunt
505 3074 644 3168 (125).»
666 3072 886 3169 Congregatio
915 3070 1049 3143 concilii
1082 3071 1118 3142 id
1155 3072 1266 3170 ipsum

148 3187 326 3264 confirmat
347 3189 486 3263 dicens:
510 3188 661 3263 «Obstat
687 3215 770 3261 sane
794 3187 991 3260 huiusmodi
1017 3184 1264 3286 dispensationi

148 3301 182 3373 in
210 3305 319 3401 primo
343 3306 451 3403 gradu
477 3304 652 3378 affinitatis
680 3304 789 3377 lineae
816 3320 945 3390 rectae,
976 3301 1067 3401 quod
1088 3305 1265 3377 sentosa

221 3560 287 3624 (121)
303 3565 362 3613 Lon.
374 3565 450 3613 citn.
465 3573 519 3615 tro.

221 3639 287 3703 (122)
303 3639 357 3691 Lib.
368 3645 423 3692 Vll.
434 3657 488 3707 cap.
503 3653 541 3695 32.
551 3658 575 3695 n.
589 3653 625 3695 tt.

219 3719 286 3783 (tto)
302 3720 399 3783 itigant.
411 3721 452 3772 Ad
464 3723 550 3786 renel.
564 3723 707 3774 cancellar.
720 3726 804 3775 xle.
815 3726 926 3774 tornlv.
938 3737 963 3773 n.
973 3731 1012 3774 tt.
1025 3729 1064 3773 et.
1078 3727 1118 3774 at.

216 3802 283 3865 (111)
299 3802 420 3866 inspectis
433 3816 521 3866 magna
534 3804 659 3867 diligentia
671 3806 761 3855 tabulis
775 3818 818 3855 eeu
834 3805 935 3866 regestis
947 3803 1058 3853 omnium
1070 3802 1264 3862 relaxationem,

144 3892 208 3943 quae
224 3881 276 3932 sire
285 3895 301 3933 a
310 3883 425 3933 Dataria
440 3882 597 3947 apostolico,
609 3885 662 3934 sire
673 3898 687 3934 u
699 3883 955 3947 saepoenttentiaria,
971 3883 1024 3933 sive
1033 3897 1048 3932 a
1056 3895 1175 3947 suprema
1188 3881 1262 3947 inqui·

144 3959 243 4009 titionis
251 3962 438 4025 oongregatione
446 3961 517 4011 datae
525 3965 594 4024 sunt,
603 3964 699 4013 nullum
708 3967 745 4015 est
755 3967 878 4027 repertum
889 3964 1029 4027 exemplum
1039 3962 1164 4013 eiusmodi
1175 3962 1263 4024 ospes

142 4039 254 4090 sadonis.
266 4043 329 4091 saue
338 4041 369 4091 ab
380 4055 445 4092 anno
459 4049 525 4093 teat.
533 4042 563 4092 ad
575 4057 615 4093 au.
624 4048 691 4096 rsit.
700 4046 800 4107 triginta
810 4047 916 4108 quatuor
926 4058 955 4094 ex
967 4043 1089 4094 universis
1103 4057 1168 4106 pene
1183 4043 1261 4093 nuo

143 4117 186 4169 llol
197 4118 265 4171 orbis
274 4120 387 4185 partibus
397 4122 429 4173 ad
442 4123 601 4186 apostolicam
617 4124 700 4174 sedem
717 4125 794 4176 libelli
807 4126 929 4190 supplices
943 4125 1018 4175 delati
1033 4123 1139 4174 suntad
1155 4124 1260 4175 obtinen-

141 4197 199 4250 darn
210 4198 242 4249 ab
252 4200 299 4251 hoo
309 4201 389 4265 primo
401 4203 527 4254 affinitatis
538 4203 615 4267 gradu
627 4204 833 4270 dispensationem
849 4208 924 4258 etiam
936 4220 949 4255 a
962 4206 1022 4256 viris
1041 4204 1195 4269 principibus
1215 4212 1259 4254 non

142 4281 242 4346 paucis,
252 4282 279 4331 et
287 4285 427 4334 comtanter
436 4286 555 4336 relaxatio
564 4285 682 4351 denegata
693 4287 747 4337 luit.

215 4361 282 4426 (itt)
298 4361 352 4413 Lib.
363 4364 405 4413 tx.
418 4377 472 4428 esp.
484 4366 550 4415 xiil.
563 4378 587 4415 n.
601 4369 625 4415 t.
