2804 5062
143 353 217 424 sto.
397 373 458 425 au.
479 372 515 423 u.
536 372 624 423 secr.
648 374 672 423 r.
692 373 732 423 or
758 370 883 426 rorrsr.
904 369 1034 426 socen.

213 492 269 564 Sic
284 491 384 565 etiam
402 490 542 588 Pirhing
558 490 732 566 scribens:
752 491 948 589 «Pereprini
963 504 1184 565 transeuntes
1202 514 1261 590 per

144 609 247 680 locum
271 607 330 678 ubi
355 620 504 678 servator
529 604 700 680 decretum
725 605 859 679 concilii
887 604 1078 690 tridentini,
1114 606 1260 680 insolide

141 719 342 794 contrahunt
369 719 619 793 matrimonium
646 719 720 794 sine
736 719 886 818 parocho
902 744 943 793 ac
961 718 1125 807 testibus,
1148 746 1260 820 quam·

142 836 193 908 vis
229 837 264 907 in
300 835 366 906 loco
398 831 559 905 domicilii
592 832 675 906 illud
705 832 877 907 decretum
907 860 972 906 ooo
1004 836 1049 907 sit
1083 850 1257 934 receptum.

142 951 237 1023 Ratio
253 963 321 1035 cst,
342 947 422 1046 quia
440 946 627 1044 peregrini,
649 946 769 1020 saltem
787 945 901 1047 quoad
919 946 1171 1023 solemnitatem
1189 974 1259 1022 con·

143 1081 328 1149 tractuum,
365 1077 520 1134 tenentur
548 1061 591 1134 ad
620 1060 711 1159 leges
740 1088 856 1137 eorum
885 1061 1055 1151 locorum,
1085 1088 1149 1163 pcr
1177 1089 1259 1163 quse

143 1193 332 1264 transeunt,
353 1201 429 1249 cum
455 1176 586 1250 ratione
609 1191 802 1250 contractus
826 1175 1011 1251 sortiantur
1034 1175 1164 1251 lorum:
1186 1203 1257 1252 nam

143 1320 184 1367 ea
208 1308 259 1367 est
283 1293 318 1364 in
343 1317 548 1390 unoquoque
573 1288 647 1365 loco
672 1288 905 1365 substantialis
923 1290 1030 1365 forma
1046 1307 1255 1379 menuctus,

143 1435 230 1509 quae
255 1434 314 1509 pro
341 1407 400 1481 illo
431 1405 682 1506 praescribitur.
703 1406 738 1478 Si
769 1432 849 1504 ergo
880 1405 914 1478 in
943 1405 1061 1506 aliquo
1088 1423 1253 1482 contractu

144 1551 211 1597 non
229 1538 379 1597 servetur
395 1521 501 1598 forma
518 1546 558 1594 eo
575 1520 649 1595 loco
668 1520 896 1621 praescripta,
916 1519 1166 1595 consubsistit
1189 1546 1254 1596 coo

145 1635 1253 1736 tractus(172).»Atquealiisomissis;Maschatetipseeemdcm

146 1770 256 1829 tuetur
273 1752 459 1826 doctrinam
473 1777 550 1825 cum
563 1750 700 1825 scribit:
719 1765 737 1821 'c
755 1750 887 1830 Fideles
902 1767 1108 1826 comentes
1120 1779 1166 1826 ec·
1178 1753 1251 1837 loct,

144 1871 203 1942 obi
226 1869 443 1943 tridentinum
478 1894 544 1942 non
576 1866 793 1955 observatur,
825 1867 870 1940 od
894 1868 1000 1941 locum
1023 1867 1087 1940 ubi
1110 1869 1252 1942 c'bserco·

146 2002 218 2070 tur,
241 2001 394 2058 tenentur
412 2009 546 2057 serrare
563 1982 704 2057 formam
722 1982 917 2071 tridentini,
940 2008 1020 2056 uam
1037 1984 1174 2058 ratione
1189 2007 1253 2058 con·

145 2115 270 2182 tractus
296 2101 481 2175 sortiuntur
505 2099 625 2173 lorum.
659 2099 748 2197 Ergo
777 2114 815 2171 ot
837 2098 947 2173 calide
971 2099 1192 2187 contrahant,
1214 2115 1251 2172 te

133 2233 267 2290 ‘nentur
284 2242 418 2290 servare
442 2214 582 2288 formam
601 2211 856 2288 substantialem
883 2213 1131 2314 praescriptam
1149 2211 1250 2288 matri·

145 2334 258 2406 monio
276 2333 311 2404 in
331 2332 388 2405 tali
407 2331 480 2406 loco
497 2329 727 2404 contrahendo
747 2332 887 2427 (173).»

218 2448 305 2521 lluio
331 2447 495 2547 principio
526 2446 661 2518 innixae
685 2462 766 2519 sunt
791 2446 905 2544 plures
931 2446 1162 2522 resolutiones
1188 2469 1246 2520 sac.

146 2564 441 2659 congregationum
460 2588 543 2634 rom.
561 2588 646 2661 quas
661 2561 697 2631 in
710 2561 814 2636 altero
827 2561 968 2635 articulo
981 2560 1156 2636 dedimus.
1173 2560 1250 2635 'lulis

147 2678 209 2748 luit
228 2676 387 2749 resolutio
405 2703 474 2748 sac.
491 2701 648 2772 congreg.
670 2676 802 2749 concilii
821 2677 856 2747 in
875 2703 979 2750 causa
996 2694 1189 2775 cuqustouo
1204 2701 1248 2750 au·

147 2793 254 2862 1742.
276 2791 422 2886 coniugii
441 2791 534 2863 mixti
554 2790 683 2862 Ulmiae
700 2790 858 2864 celebrati
876 2817 988 2864 coram
1006 2792 1167 2866 ministro
1184 2791 1252 2864 hae·

147 2907 268 2992 cetico,
289 2907 444 3004 quamvis
462 2906 628 2978 eiusmodi
646 2906 882 2980 contrahentes
900 2922 1015 2980 essent
1034 2908 1115 3005 vagi
1143 2933 1183 2981 as
1206 2930 1252 3006 pe·

146 3022 281 3118 tegrini.
316 3020 405 3093 Talis
439 3022 563 3119 pariter
594 3021 658 3094 luit
689 3021 848 3095 resolutio
878 3047 947 3095 sac.
982 3023 1251 3120 poenitentiarius

146 3136 259 3235 quoad
284 3134 490 3209 validitatem
517 3136 666 3231 coniugii
692 3135 785 3207 mixti
811 3136 902 3234 quod
920 3136 955 3207 in
974 3135 1094 3209 Galliis
1112 3136 1182 3211 duo
1200 3136 1250 3209 iter

146 3251 305 3324 facientes
338 3276 450 3324 coram
482 3251 635 3324 ministro
667 3250 854 3324 acatholico
885 3250 1155 3339 celebraverant3
1187 3274 1252 3324 uam

148 3365 204 3440 die
223 3368 279 3437 28.
302 3366 397 3438 Mart.
422 3367 528 3437 1815.
551 3364 725 3463 respondit
750 3365 832 3437 illud
859 3364 1005 3439 tribunal
1030 3370 1183 3464 nepotioc
1203 3388 1251 3439 scu

147 3479 312 3552 eiusmodi
338 3480 585 3552 matrimonium
610 3479 739 3552 nullum
757 3479 875 3553 luisse.
897 3481 965 3553 Neo
982 3479 1049 3554 alio
1075 3481 1178 3555 modo
1207 3504 1250 3553 su

147 3620 262 3693 prema
287 3603 335 3667 s's.
356 3595 588 3693 inquisitionis
617 3596 830 3692 congregatio
859 3593 996 3667 resolvit
1021 3593 1167 3668 dubium
1196 3591 1248 3668 sibi

147 3711 356 3808 propositum
381 3710 437 3781 dic
463 3714 497 3781 b.
528 3710 591 3782 lul.
622 3712 728 3781 1847.
756 3727 824 3783 tum
851 3711 941 3783 circa
965 3710 1115 3784 valorem
1148 3710 1249 3785 conio·

147 3826 193 3921 gii
219 3826 312 3897 mixti
338 3825 411 3897 initi
430 3826 579 3898 Lutetiae
597 3825 802 3899 Parisiorum
827 3851 939 3898 coram
966 3825 1122 3899 ministro
1146 3825 1247 3898 haere

148 3940 213 4012 tico
230 3956 263 4012 et
279 3939 373 4012 dedit
390 3940 582 4012 facultatem
600 3940 685 4037 parti
704 3940 888 4014 catholicae
911 3966 971 4040 per
995 3939 1177 4014 divortium
1201 3938 1246 4010 de

149 4055 282 4127 relictae
308 4056 350 4127 ad
377 4082 462 4128 nova
487 4071 565 4128 vota
590 4054 803 4141 transeundi;
833 4072 866 4128 et
891 4056 938 4129 ita
964 4057 1092 4155 passim
1120 4057 1153 4127 in
1182 4051 1244 4126 aliis

220 4252 289 4312 (ιη)
306 4255 353 4302 lus
370 4265 463 4328 cotton.
479 4251 521 4301 lib.
538 4253 761 4315 lv.tit.111.§.11.
775 4266 799 4301 n.
815 4260 850 4303 ιο.

220 4332 288 4394 (tte)
305 4334 489 4383 Instttuttoncr
505 4333 645 4383 canoutcuc
661 4332 699 4382 tit.
708 4332 751 4382 111.
764 4345 788 4382 u.
800 4336 837 4382 tt.
