2804 5062
187 320 1129 414 cm.v1.nsmra.nasnsr.mr.ssvancon'ctrnnnruv.
1176 316 1246 402 dli

208 470 242 540 3.
265 468 304 539 ln
330 466 442 541 insula
468 467 704 542 sanctissimae
729 469 900 543 Trinitatis
926 495 982 543 an.
1000 471 1108 545 1825.
1133 473 1246 569 (166).

206 571 241 653 l.
265 581 1246 684 lnutraquehovisianaatqueinFloridaan.1‘831.(167),

203 695 255 767 Ex
289 695 354 768 hac
388 694 582 770 recensione
614 723 714 797 quam
749 697 870 772 maiori
895 725 963 799 qua
993 726 1054 799 per
1083 726 1145 775 nos
1176 702 1250 776 fieri

138 812 243 912 potuit
268 811 446 911 diligentia
472 812 635 886 hactenus
661 814 830 913 prosecuti
858 840 994 903 sumus,
1023 816 1170 917 quisque
1200 817 1251 892 sa-

136 928 195 1002 cile
232 928 393 1026 colligere
425 928 575 1028 poterit,
611 931 645 1000 1.
675 929 787 1030 reipsa
825 928 893 1002 illis
924 930 959 1000 in
994 931 1187 1028 regionibus
1213 932 1248 1005 in

136 1044 258 1145 quihus
285 1043 456 1118 decretum
482 1043 701 1118 tridentinum
727 1045 974 1146 promulgatum
1000 1064 1052 1120 est
1077 1073 1117 1120 ac
1131 1048 1251 1123 obser-

136 1175 269 1245 vatum,
303 1183 343 1230 eo
368 1157 503 1231 retineri
535 1185 602 1232 non
628 1158 737 1232 solum
763 1159 968 1248 catholicos,
1001 1188 1117 1237 verum
1149 1163 1250 1238 etiam

136 1271 340 1346 acatholicos
367 1272 437 1345 sive
462 1273 519 1346 isti
544 1272 609 1345 sub
635 1260 846 1373 principibus
873 1274 1070 1365 catholicis,
1093 1278 1164 1351 sive
1185 1277 1251 1351 sub

135 1385 334 1462 acatholicis
352 1404 548 1474 versentur,
569 1387 635 1460 nisi
654 1387 697 1460 ad
718 1386 794 1460 illas
813 1388 967 1486 regiones
992 1391 1125 1466 indulta
1149 1392 1250 1467 luerit

134 1501 322 1577 Declaratio
346 1502 517 1576 Benedicti
541 1502 625 1573 XIV.
655 1527 717 1602 pro
742 1503 966 1579 matrimoniis
991 1506 1025 1578 in
1053 1507 1245 1583 Hollandia.

136 1621 165 1691 2.
187 1618 370 1691 Eiusmodi
388 1617 673 1706 Declarationem,
694 1618 773 1692 licet
789 1620 905 1693 eadem
928 1622 1089 1697 adiuncta
1114 1624 1148 1698 in
1173 1616 1250 1702 aliis

134 1761 269 1836 quoque
295 1733 490 1831 regionibus
508 1734 643 1832 vigeant
660 1759 700 1807 ac
718 1724 753 1807 in
771 1734 969 1824 hollandia,
991 1754 1118 1828 tamen,
1139 1740 1182 1814 ad
1200 1768 1252 1816 so

134 1852 196 1926 lam
225 1854 321 1927 illam
347 1857 518 1954 regionem
543 1858 713 1932 exclusive
738 1858 991 1932 determinatam
1025 1886 1118 1947 esse,
1142 1848 1190 1934 ita
1214 1875 1253 1933 ut

134 1969 315 2069 suffr-agari
341 1999 406 2046 non
435 1973 564 2071 possit,
595 1974 662 2046 nisi
690 1975 886 2048 auctoritate
920 1974 1124 2075 apostolicae
1155 1974 1249 2050 sedis

135 2110 295 2185 expresse
312 2087 411 2160 luerit
428 2104 566 2162 extensa
587 2091 701 2184 (168);
733 2092 766 2160 3.
796 2088 957 2161 Eamdem
987 2089 1251 2164 Declarationem

134 2201 245 2276 lavere
270 2200 354 2276 solis
380 2203 640 2278 acatholicorum
667 2203 833 2302 coniugiis
852 2229 918 2276 non
937 2220 1048 2276 autem
1072 2204 1251 2280 catholico

134 2342 225 2405 rum,
247 2317 308 2417 qui
326 2315 462 2393 omnino
481 2320 662 2418 adiguntur
683 2321 821 2420 propria
838 2319 994 2418 coniugia
1017 2318 1188 2394 celebrare
1206 2322 1251 2395 ad

134 2458 288 2506 normam
300 2460 320 2506 a
333 2434 474 2508 concilio
488 2436 669 2510 tridentino
682 2438 898 2510 constitutam
912 2430 976 2508 suh
991 2435 1154 2511 nullitatis
1169 2464 1250 2537 poe-

132 2575 194 2636 na;
222 2551 257 2620 t.
277 2549 375 2635 Quod
389 2551 419 2624 si
431 2552 587 2649 coniugia
605 2553 708 2625 mixta
720 2553 754 2625 vi
768 2553 870 2626 huius
888 2552 1122 2627 benedictinae
1133 2553 1251 2627 Decla-

134 2665 295 2752 rationis,
323 2666 380 2740 uhi
406 2683 543 2741 extensa
568 2685 636 2756 est,
668 2669 783 2742 valida
809 2668 1003 2756 hahentur,
1037 2668 1070 2740 id
1103 2685 1253 2769 repeten-

132 2780 213 2857 dum
239 2807 319 2857 esse
343 2783 528 2858 erratione
552 2783 595 2857 ab
614 2785 689 2885 ipso
706 2784 885 2858 Benedicta
902 2785 984 2855 xiv.
1006 2784 1173 2874 adducta,
1201 2787 1253 2860 ni·

200 3029 272 3094 (teu)
288 3031 403 3088 cuseio
412 3032 575 3085 toitettensio
583 3033 759 3086 Declaraticuis
767 3034 957 3086 benedictiones
969 3048 1081 3099 congreg.
1089 3049 1110 3086 s.
1118 3036 1163 3086 elit
1171 3035 1254 3100 quoad

134 3111 452 3163 matrimoniaclandestiua
466 3127 569 3178 eamque
580 3115 738 3166 obtinuerunt
749 3116 814 3166 itlius
825 3116 919 3166 insulae
928 3116 1035 3178 incolam
1047 3114 1168 3178 siquidem
1180 3115 1254 3166 missa

133 3196 169 3244 est
179 3192 211 3244 ad
227 3194 352 3245 ricarium
362 3195 533 3260 apostolicum.

203 3277 273 3341 (187)
290 3279 325 3325 iix
337 3276 385 3327 litt.
397 3290 438 3328 an.
452 3285 519 3329 18³1.
532 3279 629 3328 constat
639 3291 654 3327 a
665 3281 746 3328 Leone
757 3280 809 3328 xil.
822 3280 947 3329 ostensam
959 3277 991 3327 sd
1003 3278 1046 3328 has
1059 3278 1168 3340 regiones
1178 3277 1254 3327 tuisse
1302 3315 1303 3318 ,

132 3357 330 3408 Declaratiouem
344 3358 436 3409 Bened.
449 3361 514 3408 xlv.
528 3372 572 3421 pro
583 3358 723 3409 Hotiandia.
738 3361 773 3407 Ex
783 3362 832 3409 act.
845 3371 957 3421 congreg.
967 3357 997 3407 de
1007 3371 1108 3421 propag.
1119 3356 1177 3407 tide.

205 3437 274 3500 (168)
293 3440 391 3488 Praeter
407 3452 449 3500 ea,
470 3452 533 3502 quse
550 3438 663 3501 superins
679 3439 820 3499 attulimus,
835 3437 903 3500 quod
924 3437 964 3486 hic
976 3437 1113 3488 asserimus
1128 3435 1255 3486 confirma·

133 3520 173 3568 tar
194 3532 225 3569 ex
249 3520 407 3582 responsione
428 3519 486 3569 dats
502 3533 517 3568 a
531 3533 645 3583 congreg.
665 3532 686 3568 s.
705 3519 749 3568 cii.
775 3526 811 3569 ts.
830 3518 876 3569 iul.
895 3525 961 3568 1818.
979 3517 1011 3566 ad
1034 3518 1081 3567 ric.
1093 3529 1175 3580 gener.
1192 3517 1256 3580 pari·

130 3599 258 3650 aman.
271 3599 478 3649 1817.Vic.enim
492 3599 633 3662 parisiensis
648 3600 694 3649 hoc
714 3600 876 3663 proposuerat
893 3597 1009 3647 dubium:
1028 3602 1080 3647 «au
1097 3597 1254 3647 matrimonia

133 3682 261 3730 contecta
278 3680 343 3729 inter
358 3679 494 3729 catholicos
505 3681 530 3729 et
541 3679 676 3729 haereticos
689 3678 782 3742 absque
798 3679 898 3742 parochi
918 3677 1069 3742 praeseutia,
1082 3677 1140 3727 licet
1153 3670 1253 3739 illicita,

133 3756 182 3809 dat
191 3762 278 3809 tamen
288 3758 488 3822 raltdsirllesp.
502 3758 729 3822 «Respondeodum
742 3760 816 3820 prout
828 3757 902 3807 etiam
915 3770 1057 3821 responsum
1076 3757 1124 3806 tuit
1141 3756 1257 3820 episcopo

134 3840 290 3891 meneviensi
304 3853 345 3890 au.
364 3844 442 3902 178⁰,
455 3839 529 3902 episc.
542 3839 663 3889 melitensi
677 3852 716 3888 an.
729 3846 796 3889 180³.
810 3840 835 3887 et
852 3839 939 3887 rectori
957 3835 1118 3899 lorepedienst
1129 3850 1170 3886 au.
1186 3841 1254 3888 1808.

133 3922 225 3986 Recipe
243 3920 390 3970 decretalem
409 3920 499 3969 Bened.
512 3922 577 3969 ΚΝ.
590 3933 630 3969 an.
647 3923 714 3969 1741.
728 3919 821 3969 editam
832 3933 905 3982 super
917 3917 1081 3967 matrimoniis
1095 3916 1252 3978 hollandiae,

135 4003 257 4052 tactim
277 4001 398 4063 respicere
418 4001 513 4050 mutum
533 3999 691 4050 matrimonia
703 4000 729 4048 in
746 3999 777 4049 iis
794 4000 927 4062 provinciis
942 4000 1083 4060 contracta,
1101 4009 1150 4046 non
1171 3999 1253 4047 autem

134 4081 182 4131 al'm
197 4081 358 4131 matrimonia
371 4081 396 4129 in
409 4080 465 4130 aliis
477 4080 538 4131 locis
547 4082 572 4129 et
584 4079 718 4142 provinciis
736 4080 808 4139 inita,
826 4078 916 4141 quibus
932 4077 1026 4127 idcirco
1037 4077 1155 4141 applicari
1169 4078 1255 4140 nequit

134 4160 227 4225 absque
238 4173 304 4211 nora
315 4162 341 4210 et
352 4160 453 4223 speciali
466 4174 486 4209 s.
495 4159 560 4209 sedis
571 4158 748 4221 declaratione,
761 4158 845 4209 multo
859 4161 947 4208 eritius
960 4158 984 4207 in
994 4158 1095 4219 Galliis,
1114 4157 1156 4207 ubi
1171 4158 1253 4207 decre·

135 4243 187 4291 tum
197 4254 269 4292 conc.
281 4238 408 4289 tridentini
420 4243 527 4289 sessui.
539 4253 562 4287 c.
577 4247 596 4288 1.
609 4241 645 4287 De
655 4238 697 4287 rei.
710 4237 802 4301 absque
813 4237 865 4287 ullo
879 4237 955 4286 dubio
974 4236 1115 4288 immediate
1130 4240 1186 4301 post
1197 4249 1254 4286 con·

134 4319 219 4372 ditum
234 4319 388 4386 publicatum
404 4319 451 4370 fuit
462 4322 489 4374 m
498 4322 629 4371 uniuersis
639 4320 784 4383 pcroeetts,
796 4319 821 4369 et
829 4317 1026 4370 consuetissima
1037 4317 1222 4369 observatum.»

199 4428 226 4484 ii
1176 4427 1209 4480 te
