2804 5062
196 336 1109 436 ¹enarr.unaucurorrssnuss.iurauerunt-nuru.
1170 365 1239 437 tot

136 498 320 598 ignoraret,
347 497 566 599 subdiditque
594 498 670 573 ideo
699 525 773 574 eam
797 499 1023 576 conditionem
1051 505 1240 603 appositam

134 613 277 703 laissa»
304 639 350 689 ne
378 614 454 714 ipse
477 613 728 688 contradicente
752 631 787 690 et
809 616 997 705 obnitente,
1018 636 1117 718 prout
1136 621 1241 695 conti-

131 729 250 828 gisset,
279 731 310 803 si
338 729 614 829 impedimentum
638 731 810 820 scivisset,
839 758 1002 808 concessa
1031 734 1240 834 dispensatio

132 843 298 919 diceretur
324 847 357 940 (1
365 846 449 941 ἢ.»

196 960 269 1035 Sed
282 960 405 1035 iurarit
420 960 497 1036 heic
512 963 665 1063 exempla
682 963 802 1038 afferre
819 965 1047 1054 sanationum,
1068 992 1157 1066 quae
1174 993 1241 1041 non

134 1077 297 1151 mum'et
319 1076 494 1175 singulare
510 1079 725 1177 coniugium,
751 1097 787 1155 at
803 1081 915 1181 potius
942 1081 1055 1181 plures
1073 1082 1174 1155 simul
1190 1109 1244 1158 oa-

129 1216 182 1267 tus
200 1190 484 1291 complectuntur.
513 1193 597 1266 Cum
622 1193 777 1269 nonnulli
801 1196 951 1296 episcopi
972 1195 1242 1297 dispensationes

131 1307 336 1410 quandoque
351 1310 618 1398 concessissent,
644 1310 687 1384 ad
713 1337 799 1411 quas
823 1311 1056 1387 concedendas
1081 1313 1175 1386 nulla
1198 1314 1242 1388 iis

129 1440 196 1500 erat
214 1440 396 1525 potestas,
424 1450 507 1499 rom.
535 1425 712 1527 pontifices
736 1427 894 1503 certiores
918 1427 997 1503 iacti
1021 1428 1065 1502 de
1089 1428 1243 1503 nullitate

132 1538 352 1641 plurimorum
378 1541 631 1640 coniugiorum,
658 1547 748 1642 quae
772 1569 950 1643 perperam
977 1544 1062 1618 inita
1084 1544 1239 1632 fuerant,

129 1678 287 1756 quaeque
309 1656 406 1730 irrita
427 1671 523 1730 erant
547 1682 587 1730 ac
611 1656 722 1744 nulla,
752 1684 795 1731 ne
818 1657 980 1732 scandala
998 1659 1064 1732 hac
1080 1658 1123 1732 de
1140 1684 1244 1733 causa

128 1785 184 1846 eat
207 1772 477 1846 concertationes
502 1772 686 1861 orirentur,
716 1790 961 1848 consueverunt
983 1800 1024 1847 ea
1048 1773 1163 1847 omnia
1186 1799 1242 1846 sa-

129 1910 208 1961 nare
227 1886 265 1958 in
280 1886 416 1973 radice,
444 1886 538 1960 nulla
558 1887 694 1988 praeuia
709 1913 897 1962 consensus
914 1886 1127 1961 renovatione
1146 1888 1178 1981 (1
1186 1889 1235 1980 b).

130 1999 174 2075 lta
189 1999 350 2074 Clemens
366 1999 456 2073 xlll.
472 2001 529 2075 die
542 2003 599 2074 20.
617 2004 700 2075 Nou.
718 2004 824 2075 trec.
842 2000 1024 2074 declaravit
1040 2025 1239 2076 concessum

130 2112 297 2188 indultum
314 2113 411 2189 illum
427 2115 567 2189 minime
583 2116 746 2191 babuisse
762 2142 919 2203 sensum,
937 2116 999 2216 ‘qui
1016 2115 1127 2189 eidem
1143 2115 1243 2188 datus

130 2228 252 2318 imant,
274 2246 378 2330 atque
395 2230 518 2305 adiecit
534 2259 543 2304 ε
561 2261 578 2301 o
594 2248 761 2332 quatenus
778 2257 857 2305 uero
870 2231 1048 2330 humusque
1066 2254 1241 2329 perperam

131 2341 229 2418 luerit
240 2342 478 2444 dispensatum
546 2347 712 2420 Sanctitas
725 2372 788 2420 sua
799 2345 843 2419 ad
859 2342 1104 2419 consulendum
1117 2342 1243 2417 anima·

133 2456 203 2533 rum
227 2458 354 2560 quieti,
374 2460 590 2534 matrimonia
606 2486 682 2534 cum
700 2460 765 2534 bac
783 2458 1035 2560 dispensatione
1052 2471 1244 2545 contracta,

134 2572 167 2648 iu
191 2574 611 2672 radice'sanarit(1b).n
959 2582 973 2645 s
1000 2639 1002 2644 .
1227 2638 1229 2642 ,

208 2688 341 2764 Eodem
361 2688 462 2765 modo
478 2690 548 2788 egit
560 2689 640 2763 Pius
652 2690 706 2761 vl.
723 2687 783 2790 qui
804 2688 993 2764 concedens
1013 2687 1174 2787 epistolas
1190 2712 1246 2761 sc

135 2807 282 2881 umus
298 2806 462 2906 expetitas
475 2805 520 2879 ab
532 2806 789 2904 archiepiscopo
806 2805 994 2893 trevirensi,
1012 2805 1244 2905 qui'congres·

133 2920 348 2996 miemsensi
373 2920 585 3009 interfuerat,
603 2919 740 3021 sibique
757 2919 947 2994 facultatem
969 2917 1245 2993 concedendire-

133 3033 336 3111 lmtionem
348 3036 392 3109 ab
406 3036 657 3136 impedimentis
675 3036 1137 3132 dirimentibusarroguverat
1153 3034 1242 3127 (Π).

130 3151 185 3227 Sic
200 3153 308 3227 etiam
331 3177 429 3227 sacra
454 3152 713 3226 Paenitentiaria
734 3152 769 3223 in
787 3177 899 3225 causa.
917 3148 1142 3249 quorumdam
1166 3170 1246 3219 oon-

135 3266 303 3366 'ngiorum
323 3293 412 3368 quae
429 3269 465 3340 in
483 3267 599 3342 Galliis
617 3283 784 3341 contracta
802 3267 932 3339 fuerant
949 3290 1009 3362 per
1020 3259 1247 3362 dispensatio·

132 3406 207 3456 nem
234 3408 412 3483 perperam
437 3382 551 3456 datam
577 3409 598 3454 e
620 3381 791 3456 nonnullis
815 3378 950 3453 vicariis
975 3374 1243 3476 capitularibus,

129 3498 276 3573 undem
299 3498 391 3572 viam
414 3498 542 3586 tenuit,
563 3497 772 3572 rescribens:
807 3496 943 3568 «Sacra
963 3490 1244 3593 poenitentiario,

131 3770 136 3775 ,
198 3704 252 3768 (rt)
270 3704 364 3756 Ballar.
386 3703 475 3755 Bened.
490 3706 555 3756 xlv.
574 3705 636 3755 tom.
648 3705 690 3754 lv.
704 3702 809 3753 constit.
821 3703 887 3752 vill.
907 3714 962 3765 pag.
975 3707 1029 3752 ³51.
1047 3701 1073 3750 et
1085 3699 1136 3747 vol.
1147 3699 1179 3746 11.
1190 3709 1247 3746 con·

129 3782 179 3837 fl.
190 3784 308 3837 XXXIII.
323 3800 348 3849 p.
362 3791 388 3835 st
403 3798 473 3848 seqq.

196 3864 305 3928 (15)oe
320 3866 412 3915 Pontos
427 3876 482 3914 voc.
497 3865 664 3927 Dtrpencotto
676 3875 731 3926 pag.
746 3869 799 3913 tte.
811 3861 851 3912 ed.
862 3861 923 3911 int.
938 3864 1007 3911 1771.
1026 3902 1027 3906 ,

196 3943 250 4006 (le)
266 3946 297 3994 ln
318 3943 436 4007 rescripto
455 3943 586 3993 Clementis
597 3944 665 3992 xlll.
687 3955 736 4004 quo
757 3941 901 4004 explanatur
921 3950 1007 3988 sensus
1024 3933 1176 3985 indultorum
1194 3929 1248 3994 qui·

131 4019 173 4074 bu
190 4021 363 4074 moeduntnr
373 4022 493 4086 episcopis
509 4022 636 4072 [oculatas
652 4019 808 4084 dispensandi
829 4031 902 4081 super
921 4017 996 4066 radis
1012 4013 1206 4078 impedimentis,
1225 4014 1251 4063 et

135 4105 266 4154 mter
283 4105 313 4154 tu
331 4101 422 4152 rodtee
442 4101 599 4152 memnonia
616 4113 744 4164 perperam
767 4101 907 4160 contrecta,
931 4095 1000 4160 quod
1024 4093 1145 4158 reperitur
1163 4093 1190 4144 ln
1208 4104 1249 4155 ap·

136 4181 207 4244 μᾶ.
221 4184 255 4234 11.
267 4180 301 4233 od
311 4194 397 4246 opusc.
409 4181 453 4232 ut.
465 4182 641 4232 Μινωίου
650 4192 699 4231 rur
710 4179 739 4230 lo
749 4176 949 4230 rcbcblltlctlcu
964 4174 1149 4239 dermonooer
1158 4171 1229 4224 nale.

199 4262 251 4327 (ιτ)
269 4261 310 4313 ct.
334 4262 471 4313 uersam
489 4272 562 4326 pour
578 4260 666 4312 scrotr
683 4259 705 4312 a
722 4256 802 4312 t'btrt.
820 4255 952 4309 arctatos.
961 4254 1082 4321 mount
1100 4252 1248 4307 lexttlt.

141 4339 270 4396 mm.
287 4345 357 4395 tm.
369 4341 431 4394 torn.
443 4342 489 4393 111.
501 4353 527 4405 p.
539 4346 580 4394 att.
1167 4382 1170 4389 .
