2804 5062
157 365 225 436 lua
391 384 453 438 atr.
475 387 511 437 u.
532 387 618 438 sacr.
640 387 663 437 1.
684 387 725 450 ur
743 385 869 437 rerrsr.
890 388 1018 439 scmus.

155 504 300 604 sciplina
312 504 426 576 induci
444 502 577 602 eoepit,
605 528 673 603 qua
689 504 961 603 dispensationes
983 503 1266 596 concederentur,

118 672 121 680 -
154 645 231 693 cum
256 643 343 717 opus
363 634 478 703 esset,
506 634 686 716 antequam
711 618 906 715 coniugium
923 619 1065 692 iniretur
1081 645 1161 693 cum
1175 622 1267 697 eius

152 735 242 808 modi
256 733 518 834 impedimentis.
535 734 637 807 Porro
650 734 872 808 novamhanc
884 733 1102 833 disciplinam
1114 738 1267 812 omnium

153 852 251 953 primi
278 851 473 925 invexerunt
498 877 581 924 rom.
604 851 802 950 pontifices,
828 851 910 951 qui,
935 853 1098 951 probante
1120 853 1267 929 eeclesia

153 969 329 1052 uniuersa,
350 965 435 1052 soli,
456 979 557 1064 atque
573 965 744 1041 exclusive
760 966 909 1064 legitime
926 992 1001 1038 eam
1023 974 1263 1043 exercuerunt}

154 1105 264 1179 neque
281 1079 324 1153 ab
342 1079 400 1152 illa
417 1094 525 1154 aetate
541 1081 585 1153 ad
604 1107 665 1154 nos
677 1106 805 1179 usque,
822 1105 943 1179 nempe
960 1105 1020 1180 per
1036 1097 1168 1180 septem
1187 1083 1265 1182 plns

152 1196 264 1269 minus
290 1195 404 1269 secula
422 1196 560 1294 proferri
579 1196 630 1269 vel
649 1223 754 1269 unum
772 1212 882 1295 potest
898 1195 1088 1296 exemplum
1105 1197 1151 1270 de
1168 1224 1267 1298 prae-

150 1310 205 1383 via
222 1309 424 1384 relaxatione
442 1310 486 1382 ab
503 1310 672 1410 episcopis
691 1309 763 1387 iure
780 1310 917 1409 proprio
933 1334 1095 1384 concessa
1114 1314 1207 1407 (ec).

224 1424 365 1498 Tantum
381 1450 461 1497 uero
478 1424 593 1511 abest,
621 1441 659 1498 ut
676 1424 741 1499 sibi
759 1425 910 1524 episcopi
928 1425 1160 1500 auctoritatem
1178 1426 1267 1501 banc

150 1540 332 1641 aliquando
349 1540 546 1626 tribuerint,
567 1557 604 1613 ut
621 1541 732 1640 potius
750 1540 896 1640 publicis
917 1541 1001 1615 actis
1017 1566 1093 1615 eam
1110 1542 1179 1615 sibi
1196 1568 1265 1617 noa

149 1672 337 1754 competere
361 1654 617 1728 declaraverint.
642 1657 730 1727 Sane
753 1656 787 1728 iu
804 1656 979 1729 turonensi
999 1654 1145 1732 concilio
1172 1657 1265 1758 quod

149 1798 205 1844 au.
223 1774 315 1843 1583
334 1769 538 1843 celebratum
556 1786 622 1858 est,
640 1770 763 1869 cuique
775 1769 952 1844 duodecim
970 1769 1153 1844 Galliarum
1167 1798 1267 1871 prae·

150 1885 242 1961 sules
261 1886 482 1959 iuterfuerunt
507 1885 564 1960 hic
580 1911 688 1968 canon
712 1885 762 1957 tit.
787 1886 843 1957 lx.
868 1886 916 1957 lu
936 1887 1123 1980 motiimon.
1152 1887 1265 1961 edituo

148 2017 224 2074 est:
257 2002 330 2071 uln
355 2017 481 2100 quarto·
499 1999 800 2097 consanguinitatis
825 2015 858 2072 et
883 1998 1080 2087 affinitatis,
1109 2016 1173 2074 nec
1196 2027 1265 2076 uon

150 2113 360 2211 cognationis
377 2113 564 2214 spiritualis
584 2112 764 2214 prohibitis
781 2113 942 2210 gradibus
958 2116 1117 2213 epsicopus
1135 2115 1264 2215 dispeu-

147 2213 220 2301 scre
241 2255 305 2302 uon
327 2228 421 2302 licere
447 2228 651 2302 declaramus
672 2229 787 2325 (31).»
804 2227 895 2301 ldem
914 2229 1131 2303 constitutum
1157 2247 1210 2304 est
1226 2231 1262 2305 in

147 2344 289 2417 concilio
318 2343 493 2429 tolosano,
526 2342 581 2416 cui
613 2343 757 2440 praefuit
785 2342 1060 2443 archiepiscopus
1087 2343 1263 2420 tolosanus

147 2458 239 2532 card.
269 2458 311 2531 de
334 2459 451 2558 leyosa
476 2484 532 2530 an.
564 2459 670 2529 tuso.
700 2458 755 2531 Sic
779 2458 869 2529 enim
896 2458 1087 2533 decernitur
1115 2459 1183 2533 sub
1208 2461 1259 2535 tit.

147 2573 195 2643 De
220 2575 362 2644 matrim.
384 2572 505 2656 «Quos
532 2572 742 2669 cognationis
766 2572 892 2669 gradus
910 2573 1069 2671 impedit,
1102 2573 1172 2648 nisi
1190 2575 1263 2650 visu

148 2686 241 2783 prius
268 2686 390 2759 summi
418 2687 587 2784 pontilicis
614 2687 869 2786 dispensatione
895 2687 930 2759 iu
957 2687 1162 2762 matrimonii
1182 2716 1262 2765 oon-

147 2799 367 2884 iunctionem,
386 2798 523 2897 parochi
538 2825 605 2873 non
619 2800 781 2899 recipiant
794 2803 866 2897 (38)
876 2831 907 2872 .u
921 2803 1036 2901 Neque
1049 2801 1119 2875 alie
1132 2805 1263 2880 ratione

147 2913 287 2988 coucilia
304 2913 504 3013 lingonense
527 2929 560 2987 et
577 2931 727 2988 trecense
751 2915 806 2989 bis
823 2915 934 2990 uerbis
957 2915 991 2988 id
1018 2915 1253 2992 declararunt:

213 3137 263 3201 (te)
278 3138 395 3189 Nonnulli
413 3140 570 3189 autumarent
586 3137 714 3202 episcopos
728 3137 818 3200 gallos,
840 3134 897 3188 cunr
912 3139 1062 3202 accepissent
1073 3151 1089 3188 a
1100 3140 1261 3193 Pascballli.

145 3216 335 3281 redintegratum
356 3216 431 3268 luisse
454 3216 594 3281 conlegium
622 3216 727 3281 Philippi
746 3220 771 3266 et
783 3216 925 3278 bertradae,
942 3217 1008 3280 quod
1029 3218 1261 3271 anteadlrsolutuut

144 3299 236 3360 tuerat,
255 3296 302 3348 sibl
323 3296 448 3349 Pssclralis
468 3298 608 3361 exemplum
626 3297 770 3347 imitandum
787 3296 936 3360 sumpsisse,
958 3296 1114 3348 concedendo
1134 3299 1259 3362 praevia·

143 3374 357 3438 dispensationes.
375 3376 412 3426 ad
428 3377 464 3426 ita
474 3376 627 3427 tendendum
648 3375 751 3440 permoti
762 3378 819 3425 suut
836 3388 867 3425 ex
884 3377 996 3439 iis,quae
1012 3377 1084 3426 refert
1101 3377 1261 3430 uticensi·

144 3455 215 3517 epist.
231 3457 339 3506 xxxiv.
351 3457 382 3506 ad
400 3458 610 3521 rhotomagensem
621 3456 844 3520 archiepiscopum,
862 3475 874 3498 a
883 3455 934 3505 Sibi
946 3469 1033 3519 nempe
1043 3456 1185 3507 walterum
1197 3457 1258 3511 rub·

144 3539 355 3585 murmurantem
380 3537 492 3588 retulisse
514 3536 570 3588 illos
588 3536 761 3601 (episcopos),
782 3535 840 3586 data
860 3536 951 3599 scripto
971 3536 1100 3598 laenitate,
1119 3537 1260 3601 permis-e

144 3617 172 3665 ut
191 3615 256 3666 tiliae
271 3616 381 3667 Gunterll
401 3616 432 3667 de
450 3618 570 3668 Meduana
589 3619 673 3668 liceret
690 3618 805 3668 comitem
816 3618 966 3667 llortonlum
980 3617 1005 3666 in
1017 3618 1094 3666 uetito
1111 3618 1192 3680 gradu
1210 3630 1261 3670 raa·

144 3695 219 3745 ritum
235 3695 378 3759 accipere.»
395 3698 440 3745 Ast
457 3696 614 3747 Hildebertus
633 3696 723 3747 ibidem
743 3695 770 3746 id
789 3695 835 3746 sibl
855 3696 935 3745 suum
955 3695 1098 3746 incredibile
1119 3696 1259 3761 profitetur,

143 3773 261 3824 subdens:
281 3774 361 3824 ullibi
377 3778 459 3825 autern
475 3789 519 3826 nec
529 3777 668 3840 extorqueri
688 3790 816 3840 mosas,
827 3789 873 3834 nec
884 3774 1023 3840 persuaderi
1042 3775 1134 3838 potuit,
1152 3776 1257 3840 prudo·

143 3854 202 3904 tiam
221 3857 328 3906 uestram
348 3853 468 3904 incorum
486 3855 666 3917 simplieitatem
686 3855 876 3916 descendisse»
890 3858 964 3918 atque
980 3855 1084 3906 ulterius
1101 3856 1260 3920 progrediens

141 3935 244 3986 adiecits
262 3935 354 3986 aculus
373 3934 398 3984 ln
420 3934 561 3998 parochiam
579 3935 656 3998 nupia
672 3933 831 3999 demigrasset
844 3935 897 3985 elus
915 3935 968 3985 lore
984 3933 1110 3998 usquead
1129 3935 1259 3987 dissidium

143 4014 192 4064 illia
202 4015 294 4078 nuptiis
303 4015 439 4065 resistere.»
450 4014 566 4076 adeoque
575 4016 642 4076 patet
648 4013 769 4064 eiusmodi
778 4013 984 4078 dispensationem
994 4014 1189 4067 commentitiam
1196 4028 1256 4067 sara.

141 4092 241 4144 aceedit
251 4097 402 4156 praetensam
414 4092 617 4158 dispensationes
628 4105 644 4141 a
655 4092 766 4144 Paschall
778 4096 796 4143 l.
810 4096 853 4144 sut
865 4106 915 4143 non
924 4093 1020 4155 datum,
1034 4097 1077 4144 ant
1092 4093 1196 4145 dubiam
1209 4092 1257 4145 sal·

142 4177 190 4226 leur
206 4185 277 4234 ease,
295 4176 323 4222 ut
334 4177 418 4238 posim
435 4173 552 4226 dimmus.

209 4251 394 4314 (stillaticia.
411 4255 476 4305 Aeto
491 4253 584 4306 condi.
598 4257 656 4304 tom.
671 4257 700 4305 11.
714 4255 762 4305 col.
779 4260 845 4306 ilua.

208 4332 258 4396 (au)
274 4331 336 4385 ibid.
352 4337 413 4385 bru.
430 4337 459 4386 x.
475 4335 523 4385 cel.
540 4338 606 4387 taut.
