2804 5062
171 398 1108 453 mr.rr.nsnsrr.mnssr.rnr.sssaccuuctrnaarr
1162 380 1233 457 288

125 535 190 593 mm
210 519 296 620 quia
317 535 425 594 maer
448 519 592 593 ecclesia
616 518 749 594 ridetur
771 519 1040 596 condescendere
1056 521 1101 598 ad
1117 547 1232 609 eornm

125 635 285 723 valorem,
314 650 386 709 tum
409 635 492 734 quia
513 635 550 707 in
567 633 691 708 talibus
715 633 798 710 locis
823 636 993 711 decretum
1015 638 1232 728 tridentinum

125 751 291 827 moraliter
311 749 523 850 impossibile
547 766 600 825 est
621 751 814 840 observari,
840 768 955 853 pastor
980 770 1091 828 tamen
1115 753 1234 842 haere

125 867 205 941 ticus
232 893 302 942 non
327 882 381 940 est
405 866 637 956 adhibendus,
657 884 695 941 ut
711 867 789 942 talis
811 885 1104 967 recognoscatura
1122 870 1234 948 catho÷

125 981 616 1082 tcis(1so).»11aecquidsm
639 981 696 1055 hic
720 999 836 1057 auctor
858 982 902 1057 de
925 982 984 1070 iila
1008 985 1146 1082 ragione
1170 1010 1233 1086 pm

125 1094 316 1171 conditione
339 1111 549 1196 temporum,
570 1096 695 1196 quibus
720 1097 795 1195 ipse
819 1094 1007 1186 scribebat;
1037 1122 1234 1177 namfnunc

125 1211 296 1284 inmutata
329 1210 495 1284 eiusmodi
529 1210 679 1284 conditio
710 1226 786 1299 est;
822 1226 856 1284 et
885 1211 1042 1287 catholici
1072 1212 1143 1287 illic
1178 1211 1234 1301 de·

125 1340 235 1422 gentes
260 1325 296 1399 in
321 1326 542 1401 matrimoniis
556 1327 643 1401 inter
654 1352 693 1400 se
705 1326 942 1402 contrahendis
958 1327 1082 1403 debent
1097 1353 1137 1403 se
1152 1353 1234 1415 con,-

125 1439 263 1517 Tormare
279 1441 405 1516 formae
430 1442 642 1517 tridentinae.
885 1520 887 1524 ,
1204 1472 1207 1476 ’

187 1555 346 1629 Ceterum
371 1557 482 1657 quoad
501 1556 564 1631 hos
581 1556 699 1631 fideles
720 1556 848 1633 aliosve
864 1557 923 1659 qui
939 1557 977 1631 in
995 1558 1038 1633 iis
1055 1574 1234 1654 veremur

125 1694 229 1745 rerum
258 1669 427 1746 adiunctis
448 1673 483 1746 in
504 1672 630 1773 quibus
646 1672 701 1748 ael
719 1673 848 1747 uuilnm
866 1675 1002 1761 omnino
1022 1674 1230 1767 sacerdotem

125 1785 211 1861 nire
237 1789 370 1887 possint
393 1805 451 1863 aut
474 1789 609 1864 nonnisi
635 1814 767 1863 summa
792 1788 991 1865 difficultate
1008 1776 1232 1890 aut-'periculo

125 1926 192 1977 sum
212 1901 341 1977 habere
365 1903 517 1993 valeant,
537 1918 608 1993 tum
625 1902 737 1979 valide
761 1920 831 1979 tum
855 1903 947 1983 licite
971 1896 1074 2005 posse
1094 1906 1232 2005 nuptias

125 2018 322 2095 conuahcre
338 2045 450 2095 coram
467 2020 601 2095 duobus
618 2036 676 2094 aut
692 2021 799 2096 tribus
820 2020 964 2095 testibus
982 2047 1051 2097 non
1067 2018 1230 2113 obscuro,

125 2150 152 2209 rt
174 2134 348 2224 diximus,
376 2163 417 2209 ex
442 2136 718 2237 responsionibus
736 2162 806 2210 sac.
823 2137 1117 2235 congregationum
1142 2160 1227 2214 rom.

125 2249 298 2349 colligitur.
316 2254 399 2326 Nam
418 2253 584 2328 interdum
600 2253 727 2326 nullom
744 2251 933 2328 declaratur
956 2254 1226 2344 matrimonium,

125 2365 257 2466 prmndo
280 2382 487 2441 contractum
512 2366 619 2441 fuisse
640 2385 770 2441 constat
793 2383 967 2467 tempore,
995 2390 1059 2467 quo
1081 2384 1153 2443 crct
1176 2370 1230 2469 [c-

125 2482 189 2557 tidtir
214 2497 246 2554 ct
272 2497 360 2554 tutus
377 2482 422 2555 cd
435 2483 615 2581 pcrocdcm
636 2484 832 2557 catholicum
850 2505 995 2568 accessos
1018 2486 1130 2583 (186).
1147 2485 1231 2562 ltem

125 2596 323 2673 celebratum
338 2622 406 2673 reo
428 2616 577 2698 tempore
600 2613 634 2671 et
657 2598 918 2673 circumstantiis
942 2598 1066 2699 quibus
1092 2599 1140 2685 od
1156 2590 1231 2698 pro·

125 2715 226 2785 mium
237 2713 436 2786 sacerdotem
452 2740 547 2785 scum
563 2739 712 2786 recursus
727 2728 815 2786 tutos
832 2715 986 2813 etfacilis
1002 2731 1073 2791 erot
1089 2718 1228 2812 (18Ἱ);»

125 2845 217 2927 pout
244 2828 371 2927 pariter
401 2828 586 2903 iudicatum
611 2822 662 2902 est
687 2829 722 2903 in
748 2828 814 2902 alio
839 2831 995 2927 coniugio
1021 2856 1132 2906 coram
1158 2831 1230 2907 solo

125 2944 320 3041 magistratu
344 2943 437 3017 civili
462 2944 545 3018 inito
560 2974 578 3014 «
594 2970 670 3018 cum
688 2944 731 3016 ad
750 2946 956 3044 superiorem
974 2944 1160 3044 legitimum
1176 2945 1230 3021 val

125 3058 222 3135 ilium
248 3060 456 3134 sacerdotem
481 3059 524 3133 ab
551 3061 628 3159 ipso
652 3060 848 3162 deputatum
869 3062 969 3160 focile
992 3065 1120 3135 recurri
1138 3077 1230 3160 potc-

125 3192 169 3251 rot
191 3178 334 3272 (188),»
347 3193 384 3248 ut
400 3175 485 3250 alias
506 3177 684 3276 eiusmodi
697 3176 921 3261 resolutiones
947 3177 1080 3251 silentio
1104 3193 1230 3276 praete·

125 3316 222 3367 mam.
248 3291 338 3389 Ergo
355 3317 396 3363 ex
412 3283 655 3366 contrariorum
675 3291 800 3365 ratione
820 3291 954 3365 uidetur
976 3290 1164 3373 ecclesiam.
1180 3317 1229 3365 ra·

125 3433 185 3483 um
212 3407 339 3482 habere
364 3409 556 3506 coniugium
583 3409 682 3481 etiarn
706 3407 945 3482 catholicorum
967 3406 1093 3480 inillis
1116 3431 1228 3493 rerum

125 3522 287 3597 idiunctis
309 3524 342 3594 in
364 3524 488 3624 quibus
508 3541 567 3597 aut
591 3524 759 3623 parochus
782 3524 853 3596 sive
872 3523 1031 3596 sacerdos
1053 3523 1229 3597 missione·

125 3639 186 3714 rius
218 3638 437 3727 nullatenus,
465 3655 524 3712 aut
549 3639 685 3714 nonnisi
716 3664 848 3712 summa
870 3638 1068 3713 difficultate
1084 3664 1123 3713 ac
1139 3638 1228 3713 vitae

125 3753 316 3829 liacrimine
348 3754 554 3828 bonorumve
584 3754 671 3827 adiri
703 3754 841 3853 nequit,
876 3754 1028 3855 alioquin
1060 3753 1226 3830 eiusmodi

125 3867 289 3945 dausulae
315 3869 423 3942 forent
447 3894 586 3970 prorsus
607 3892 885 3970 supervacaneae.

183 4107 253 4170 (185)
271 4107 339 4155 Inst.
350 4116 444 4154 conon.
457 4106 520 4167 part.
528 4106 560 4154 11.
569 4104 613 4154 tib.
624 4106 667 4154 Ν.
679 4104 773 4157 111111.
785 4104 995 4158 Declcndcrttrto
1004 4103 1147 4171 summat.
1157 4118 1182 4157 n.
1191 4108 1225 4159 u.

184 4187 255 4249 (186)
271 4187 391 4246 Congreg.
403 4198 424 4233 s.
434 4184 476 4233 oti.
488 4192 526 4234 2³.
539 4186 611 4233 Mart.
624 4191 691 4234 1808.

186 4268 255 4330 (181)
270 4265 364 4316 aaran
373 4277 486 4328 congreg.
500 4272 537 4316 18.
547 4267 608 4316 Nor.
622 4272 690 4320 1888.

189 4347 257 4410 (rsa)
274 4343 365 4396 Eadem
383 4346 502 4396 1111111.
517 4349 584 4396 teca.
