2804 5062
140 361 209 441 tlt
392 390 453 439 nm.
471 389 505 439 n.
524 388 609 438 sacr.
628 387 650 436 ι.
669 389 708 437 nn
727 384 852 438 nornen
870 342 1017 437 success

141 507 376 604 adstringitur,
404 532 446 578 ne
471 504 620 604 alioquin
653 503 753 604 culpa
782 505 857 603 ipsa
886 501 1104 577 commodum
1136 500 1240 576 alienat

141 621 362 719 exemptionis
377 622 466 716 (65).
489 618 648 718 Adeoque
673 644 713 691 ex
739 616 811 691 sola
837 617 990 716 ipsorum
1008 615 1244 691 haereticoram

141 735 269 809 malitia
294 736 393 808 litut
425 733 539 832 gravia
565 732 716 806 oriantur
737 731 972 818 incommoda,
1000 757 1081 806 cum
1106 756 1149 805 ex
1174 732 1248 834 ipsis

141 851 286 951 pendeat
311 850 417 947 legem
444 847 600 922 servandi
627 862 788 947 potestas.

214 965 281 1037 Nos
298 988 377 1037 vero
395 961 573 1049 addimus,
595 961 686 1062 quod
705 961 735 1036 si
752 961 929 1061 quidpiam
955 959 1092 1034 roboria
1121 961 1248 1034 haberet

143 1078 307 1152 eiusmodi
324 1077 486 1178 exceptio,
508 1077 631 1149 frustra
653 1076 788 1151 omnino
810 1076 874 1149 hec
890 1075 1064 1151 decretum
1089 1077 1247 1151 sancitum

143 1189 360 1265 atridentino
381 1189 523 1265 concilio
541 1206 574 1263 et
589 1190 806 1263 constitutum
828 1189 949 1263 luisset
965 1206 1126 1290 respectu
1147 1190 1248 1264 haere

144 1308 285 1380 ticorum
296 1306 458 1392 omniurn,
479 1306 538 1405 qui
558 1305 630 1379 sive
648 1304 713 1377 suh
731 1304 943 1406 principibus
966 1303 1171 1380 acatholicis
1187 1306 1248 1379 sinc

144 1421 209 1495 sub
229 1420 438 1522 principibus
463 1420 637 1493 catholicis
663 1419 841 1518 degerent3
863 1420 985 1495 frustra
1003 1420 1086 1495 item
1104 1437 1246 1522 respectu

145 1535 373 1633 coniugiorum
399 1535 588 1607 mixtorum.
605 1535 655 1607 ee
671 1534 875 1635 primisnen
900 1549 952 1608 est
971 1533 1136 1624 dubium,
1157 1552 1191 1610 et
1205 1559 1246 1608 res

145 1643 236 1750 patet
261 1676 321 1750 per
344 1676 398 1737 se,
420 1674 495 1723 cum
515 1651 656 1724 istorum
683 1650 849 1748 coniugiis
875 1649 1044 1751 parochus
1071 1649 1246 1726 catholicus

146 1768 308 1840 interesse
325 1791 390 1839 nen
409 1765 536 1865 possit;
558 1764 710 1865 adeoque
728 1765 843 1838 omnia
863 1765 1001 1839 omnine
1021 1765 1177 1866 ipsorum
1193 1790 1246 1838 me

145 1883 302 1956 trimouia
326 1880 439 1954 valida
463 1897 575 1954 essent
600 1883 672 1953 sine
696 1882 885 1981 praesentia
914 1881 1054 1982 parochi
1088 1881 1174 1956 inita
1199 1879 1244 1954 uhi

145 1997 353 2097 publicatum
372 2012 424 2070 est
440 1996 572 2070 concilii
591 1997 773 2071 decretum.
791 1996 910 2083 Quoad
928 1997 1148 2073 matrimonia
1159 1998 1246 2072 mixta

115 2114 118 2121 ’
146 2113 180 2184 id
203 2128 355 2210 apertum
378 2111 414 2182 fit
439 2112 804 2187 excommunicatione
830 2112 935 2213 partis
960 2129 1140 2213 exemptae
1164 2109 1244 2187 alteri

147 2228 233 2328 parti
259 2227 303 2301 ob
329 2226 597 2300 individuitatem
622 2243 833 2314 contractus;
865 2228 1019 2328 adeoque
1043 2241 1081 2300 et
1101 2228 1187 2301 haec
1202 2252 1245 2328 pt·

147 2343 226 2416 riter
245 2343 359 2417 omnia
376 2339 489 2413 valida
506 2341 625 2416 serent.
639 2343 677 2413 ln
695 2342 759 2415 hac
776 2342 976 2443 hypothesi,
993 2341 1123 2417 frustra
1140 2344 1244 2417 iterun

148 2446 195 2530 tot
218 2484 278 2557 per
304 2457 366 2529 tria
392 2457 598 2529 continentia
633 2456 746 2530 secula
779 2457 883 2530 dubia
913 2457 1088 2557 proposita
1118 2458 1245 2532 luissent

148 2573 253 2645 saeris
279 2572 592 2670 congregationibus
614 2574 703 2644 circa
723 2572 869 2646 valorem
895 2573 1063 2646 eiusmodi
1093 2574 1245 2671 coniugio

147 2713 242 2770 rum;
265 2687 396 2774 inania,
417 2687 484 2760 imo
502 2703 534 2759 et
552 2687 638 2759 salsa
658 2687 837 2760 evaderent
861 2688 1054 2761 earumdem
1081 2713 1241 2789 responsa,

148 2828 188 2873 ac
213 2799 432 2874 resolutiones
451 2802 575 2900 quibus
593 2801 686 2875 nulla
703 2802 870 2876 declarata
896 2818 974 2876 sunt
998 2805 1167 2879 eiusmodi
1185 2829 1243 2877 con·

149 2915 252 2988 nubia
270 2915 341 2989 sive
355 2916 616 2990 acatholicorum
635 2921 720 2990 inter
738 2944 795 3005 sc,
818 2921 890 2991 sive
910 2920 1024 2992 mixta.
1042 2920 1165 2994 Falsae
1181 2920 1242 2992 iten

149 3030 327 3104 evaderent
359 3047 405 3103 tot
437 3056 518 3103 rern.
545 3033 739 3132 pontificum
770 3033 1025 3107 declarationes.
1057 3034 1241 3108 Nominatin

148 3173 226 3220 vere
256 3171 504 3245 supervacanea
534 3147 618 3219 soret
650 3147 865 3219 celeberrima
895 3146 1065 3221 Benedicti
1091 3149 1174 3220 xlv.
1198 3147 1242 3218 lle

148 3262 285 3334 claratin
303 3288 363 3362 pro
388 3262 610 3335 matrimoniis
628 3261 848 3350 Hellandiae,
865 3264 1007 3362 eiusque
1018 3263 1053 3334 in
1067 3279 1115 3337 tot
1128 3263 1242 3363 provin-

149 3378 236 3464 cias,
258 3393 293 3450 ut
309 3376 520 3463 videbimus,
549 3376 591 3448 ab
616 3376 689 3449 eius
715 3378 969 3450 successoribus
988 3376 1078 3450 lacta
1095 3376 1238 3451 extensio.

151 3489 317 3576 Quorsum
336 3493 426 3564 enim
447 3509 479 3563 et
492 3490 678 3563 Declaratic
695 3508 727 3564 et
744 3492 893 3564 extensio
910 3491 1081 3564 eiusmodi
1101 3492 1130 3565 si
1148 3487 1242 3564 omniu

150 3606 391 3679 haereticorum
416 3606 627 3678 matrimonia
644 3632 684 3678 ea
701 3606 744 3678 dc
762 3632 865 3678 causa
882 3605 995 3679 valida
1016 3604 1161 3679 essent?
1176 3603 1241 3676 Cun

149 3747 227 3794 vero
244 3720 327 3793 haec
348 3719 460 3791 omnia
481 3718 609 3792 absona
627 3745 765 3817 prorsus
783 3721 869 3808 sint,
892 3718 965 3793 sedi
983 3719 1188 3819 apostolicae
1204 3715 1242 3786 in-

151 3835 277 3907 iuriosa
302 3833 457 3906 aedicto
482 3833 581 3905 etiam
607 3834 732 3932 impia,
767 3834 902 3934 planum
929 3833 966 3905 fit
991 3848 1024 3904 et
1050 3832 1117 3906 hec
1141 3827 1243 3904 lunda

152 3965 300 4024 mentum
321 3964 397 4035 esso
417 3948 669 4022 eliminandum.

225 4235 274 4295 (tie)
292 4238 327 4285 lta
346 4237 370 4283 in
390 4249 461 4286 cauea
479 4238 657 4284 lt'ormclirrrs.
671 4241 693 4284 t.
710 4237 744 4284 lul
772 4239 837 4285 1731.
851 4233 1000 4284 disserebant
1018 4235 1136 4295 ltuentogt.
1149 4233 1186 4281 el.
1200 4225 1246 4279 l'lt'

151 4326 224 4362 saur.
240 4313 346 4363 reuolue.
358 4316 419 4362 tem.
433 4317 462 4363 v.
475 4327 527 4376 pag.
543 4319 593 4364 157.
