2804 5062
142 378 210 450 358
334 400 396 450 ιιι.
417 399 453 450 ιι.
474 399 561 452 scor.
581 398 712 450 sumna.
733 398 773 449 nn
797 398 923 450 rormr.
948 398 1057 452 estu.

141 519 304 594 ecclesiae
321 517 386 594 bae
404 518 439 591 in
458 545 493 592 re
507 542 528 591 a
541 514 738 612 christianis
765 515 980 616 principibus
997 516 1043 592 sit
1059 517 1244 617 repetenda

141 635 268 711 Revera
292 632 357 708 boc
381 650 434 708 est
458 632 548 734 quod
575 658 616 706 cx
640 631 830 706 christiana
851 631 1051 732 antiquitate
1069 632 1184 731 regiae
1200 657 1249 735 po

142 750 271 825 testatis
294 749 487 824 defensores
512 773 551 824 ae
575 746 728 823 vindices
754 746 914 846 colligere
937 746 1085 838 uellent,
1114 775 1250 850 quorun

142 864 219 940 ideo
244 864 383 964 vulgare
409 864 567 963 adagium
588 879 657 952 est,
678 889 816 937 conones
834 863 976 962 legibue,
998 889 1064 937 eoo
1081 865 1254 938 moenibus

142 980 286 1054 adiectas
307 980 409 1080 faisse
436 980 531 1077 lepos.
545 976 587 1052 dt
606 1002 685 1052 vero
709 1003 788 1052 cum
812 975 926 1052 seculo
943 976 1110 1052 ecclesiae
1128 979 1183 1051 lv.
1198 979 1255 1080 pri·

142 1112 233 1168 mum
253 1093 424 1195 principes
446 1091 572 1167 ethnici
589 1092 768 1168 ecclesiam
788 1091 934 1192 ingressi
953 1106 1052 1181 sunt,
1073 1119 1117 1168 ea
1133 1092 1255 1168 iamdiu

143 1225 215 1284 erat
232 1211 267 1282 in
286 1216 357 1285 sua'
368 1208 586 1310 possessione
601 1208 776 1307 originarii
795 1207 1016 1308 supremique
1032 1207 1122 1283 iuris
1140 1210 1177 1283 in
1194 1235 1257 1284 ma·

144 1323 338 1399 trimonium
372 1323 617 1411 christianum,
653 1322 745 1423 quod
778 1349 884 1424 supra
908 1348 929 1397 a
954 1322 1053 1400 nobie
1086 1340 1255 1400 ostensum

143 1454 195 1513 est
210 1440 275 1534 (1).
294 1432 494 1535 Se'm'igitur
511 1438 613 1513 nimis
632 1437 812 1512 christiani
837 1437 1010 1538 principes
1035 1438 1254 1526 advenerunt,

143 1570 181 1628 ut
198 1553 357 1628 ‘fidelium
389 1552 557 1628 connubia
581 1548 855 1642 moderarentur,
882 1568 985 1653 atqm
1009 1578 1257 1654 supervacaneo

144 1686 196 1744 est
224 1668 426 1769 inquisitio,
454 1693 499 1742 an
523 1692 565 1741 ex
590 1667 821 1744 ecclesiastica
843 1667 1024 1743 traditione
1049 1668 1184 1744 saeculi
1208 1669 1253 1742 lll.

145 1801 246 1886 atque
264 1778 514 1886 insequentium
527 1785 580 1859 ios
593 1783 812 1882 originarium
825 1799 927 1885 atque
937 1782 1154 1859 exclusivum
1171 1784 1256 1885 prin·

144 1896 256 2000 cipum
289 1900 549 1975 christianorum
575 1899 620 1974 sit
648 1897 888 1974 arcessendum
912 1899 947 1972 in
973 1899 1171 1976 statuendis
1202 1900 1257 1973 im·

145 2012 361 2116 pedimentis.
383 2010 516 2089 Etenim
534 2016 592 2115 qui
612 2015 684 2090 fieri
701 2029 812 2116 petest
828 2030 866 2088 ut
881 2012 1020 2090 traditio
1035 2013 1160 2092 doceat
1178 2016 1256 2117 prin

144 2124 239 2231 cipes
261 2147 308 2204 'ee
336 2130 410 2205 iure
445 2131 617 2230 gaudere,
653 2156 758 2232 quum
792 2121 832 2205 ex
866 2130 1048 2231 antiquiori
1086 2131 1257 2207 traditione

144 2261 275 2322 constet
297 2240 477 2322 ecelesiam
501 2237 542 2321 eo
567 2247 641 2321 iure
666 2262 745 2322 ante
769 2247 880 2347 ipsam
904 2246 1100 2348 principum
1127 2272 1257 2323 consec

145 2354 273 2438 sionem
297 2364 439 2462 potitam
461 2388 596 2464 semper
611 2361 748 2437 luisse?
764 2364 835 2437 lmo
851 2387 931 2437 vero
947 2361 978 2437 si
996 2388 1067 2462 qua
1083 2377 1257 2438 occurrunt

145 2479 245 2553 effata
270 2478 305 2551 in
331 2478 487 2578 patribus
511 2493 612 2579 atque
634 2478 667 2551 in
691 2477 866 2566 conciliis,
890 2503 977 2578 quae
1000 2476 1118 2552 lavere
1143 2477 1256 2580 princi

146 2620 225 2695 pum
251 2595 315 2667 iuri
345 2595 377 2666 in
403 2595 626 2668 christianum
656 2594 905 2668 matrimonium
929 2594 1130 2682 videantur,
1160 2620 1201 2668 ea
1223 2619 1255 2668 et

147 2712 338 2785 traditionis
363 2728 396 2784 et
422 2699 499 2785 [idei
527 2712 680 2810 analogio
711 2711 871 2812 explicari
901 2711 1079 2785 commode
1113 2709 1251 2795 debent,

147 2827 193 2900 ita
225 2843 263 2899 nt
294 2850 382 2924 quae
413 2824 572 2899 dicuntur
605 2827 638 2899 in
673 2826 805 2924 legibus
835 2852 856 2899 a
885 2825 1100 2926 principibus
1135 2828 1255 2902 sancita

149 2939 400 3038 intelligantur,
421 2956 479 3011 aut
496 2939 539 3012 de
557 2940 674 3015 robore
691 2942 845 3015 exteriori
871 2940 988 3014 civiles
1014 2966 1145 3043 poenas
1169 2965 1257 3016 cano

146 3056 247 3130 nibus
273 3054 512 3129 ecclesiasticis
538 3056 687 3144 adiecto,
709 3074 767 3130 ant
790 3057 833 3132 de
858 3056 988 3154 legibus
1013 3056 1156 3157 quidem
1183 3057 1255 3133 ciri·

145 3171 235 3246 libus
262 3171 306 3246 ab
330 3171 474 3246 ecclesia
499 3173 695 3271 approbatis
721 3189 823 3272 atque
845 3173 1038 3272 adoptatis,
1064 3190 1105 3248 ut
1121 3175 1173 3249 sic
1191 3198 1255 3274 pes

147 3304 221 3360 sent
247 3285 420 3359 vinculum
456 3285 632 3383 coniugale
662 3286 811 3374 allicere,
840 3286 932 3386 qnod
958 3313 998 3360 ex
1024 3313 1062 3360 se
1090 3305 1255 3388 praestare

146 3426 211 3475 non
225 3404 425 3500 potuissent.
439 3399 530 3474 llaec
547 3415 657 3473 autem
676 3415 774 3487 sunt,
795 3426 882 3502 quae
900 3399 1100 3498 singillatim
1118 3417 1254 3477 statuere

145 3510 246 3617 atque
271 3517 305 3587 in
332 3531 400 3590 toto
425 3539 487 3588 suo
511 3515 639 3588 lumine
665 3515 829 3589 collocare
855 3531 1061 3613 satagemus.

219 3633 337 3732 ltaque
361 3657 401 3703 ex
427 3628 600 3730 patribus,
627 3631 686 3730 qui
704 3656 724 3703 a
745 3632 789 3703 bl.
807 3629 846 3703 A.
868 3631 910 3704 de
927 3630 1084 3704 Dominis
1102 3628 1254 3732 atqueeb

145 3739 297 3821 eiusdem
323 3745 565 3845 expilatoribus
583 3762 816 3845 opponuntur,
843 3746 911 3820 duo
928 3746 1147 3847 potissimum
1165 3762 1251 3829 sunt,

146 3888 267 3962 nempe
291 3888 321 3935 s.
343 3860 541 3934 Ambrosius
567 3878 599 3935 et
624 3888 654 3934 s.
675 3861 899 3961 Augustinus.

222 3976 462 4064 «Ambrosius,
492 3977 610 4050 scribit
640 3977 683 4050 de
706 3978 878 4063 Dominis,
908 3978 943 4050 in
968 3980 1150 4054 Paternum
1180 3978 1254 4053 satis

145 4109 350 4179 commotus,
379 4092 470 4192 qued
497 4093 654 4167 filiosuo
682 4109 815 4193 neptem
841 4119 881 4166 ex
907 4119 969 4166 sua
995 4093 1067 4170 lilia
1094 4095 1176 4169 dare
1197 4090 1253 4167 rel·

146 4207 191 4280 let
215 4207 249 4278 in
275 4232 430 4292 uxorem,
461 4233 537 4281 cum
563 4207 678 4282 omnia
703 4207 874 4306 colligeret
898 4233 986 4306 quae
1015 4208 1060 4281 ad
1089 4209 1155 4284 tale
1184 4232 1254 4283 con·

217 4359 251 4421 (t)
268 4359 332 4408 sect.
342 4361 361 4409 Ι.
372 4370 426 4422 cap.
439 4362 459 4408 t.
