2804 5062
148 323 217 395 tot
244 370 248 377 -
339 341 402 396 nra.
422 343 457 396 ιι.
479 342 566 395 srcr.
587 339 717 392 summ.
738 341 779 392 nn
804 338 931 391 rorssr.
955 338 1069 391 curu.
1152 344 1155 349 ·

142 486 166 499 ’·
219 462 363 563 Legibus
396 454 589 564 expensis,
609 460 794 535 adversarii
828 460 1027 534 Nastius'et
1048 456 1164 561 Nupta
1191 458 1248 533 lan-

139 579 270 654 ·noiana
293 576 482 652 eruditione
501 571 693 650 constanter
717 574 808 662 lreti,
833 574 877 649 ad
903 573 994 648 lacta
1010 598 1051 648 se
1068 572 1249 661 condemno

147 686 248 795 atque
271 719 312 770 ex
336 691 412 767 rudi
435 692 495 766 illa
515 691 752 792 indigestaque
772 687 861 764 mole
879 684 946 763 tria
971 687 1169 787 selegerunt
1184 712 1253 792 qm

138 823 287 898 tnorre,
314 833 405 910 quae
427 804 768 907 nobiscpponerent.
796 805 906 905 Nuytz
933 804 1051 904 itaque
1077 804 1255 879 affirmasse

141 916 343 1011 contentus,-
370 922 459 1023 quod
490 921 710 1021 imperatores
734 919 865 994 romani
899 944 1076 1020 regesque·
1103 919 1199 1019 getbi
1220 919 1256 992 de

148 1038 236 1114 laeto
255 1037 529 1138 dispensaverint
544 1036 588 1110 ab
606 1032 863 1136 impedimentis·
875 1033 1139 1124 dirimentibus,
1160 1034 1255 1136 qnod-

148 1180 216 1256 que
240 1153 383 1229 eeclesia
407 1152 630 1229 matrimoniis
648 1152 695 1226 ita
712 1151 756 1226 ab
773 1150 1025 1252 impedimentis
1051 1150 1193 1252 politica
1208 1176 1254 1252 pe

147 1285 267 1344 testate
291 1267 410 1343 solutis
440 1268 636 1368 impertierit
664 1267 956 1355 benedictionem,
991 1283 1098 1368 atque
1124 1291 1167 1341 ao
1191 1267 1254 1367 ipso

148 1383 183 1455 in
199 1380 414 1486 'principibus
430 1382 486 1456 ius
507 1380 679 1456 relaxandi
696 1379 937 1484 impedimenta
954 1381 1113 1482 practice
1123 1405 1255 1479 agnose

150 1497 195 1570 rit
209 1499 325 1593 (1⁰2),
339 1495 489 1570 ulterius
499 1521 567 1571 non
584 1496 808 1598 progreditur.
821 1497 882 1569 Ast
898 1496 1036 1570 Nestius
1054 1495 1257 1596 pistoriensis

151 1612 250 1686 cuius
274 1611 460 1686 doctrinam
485 1611 661 1712 adoptavit
683 1609 812 1713 Nuyta,
842 1610 939 1685 lactis
969 1610 1144 1685 theoriam
1175 1636 1256 1686 suan

138 1726 359 1803 communire
384 1727 517 1825 sategit.
539 1752 542 1757 ·
580 1730 583 1736 ’
623 1764 637 1773 *1
724 1764 727 1769 ¹
794 1752 875 1779 ····

222 1842 537 1941 locupletissimum
557 1867 711 1943 quoqne,
727 1841 1013 1943 inquitllestiue,
1028 1841 1143 1918 nobis
1165 1865 1256 1917 erent

149 1954 255 2057 plum*
276 1957 473 2057 suppeditat
496 1955 705 2031 Flodoardns
724 1960 847 2054 tlte),
879 1982 947 2057 quo
972 1973 1048 2031 tum
1073 1957 1255 2031 dirimentis

149 2073 400 2146 matrimonium
427 2073 888 2173 impedimenta'sanciendi,
910 2089 981 2148 tum
1008 2074 1256 2150 eademremit·

149 2188 243 2262 tendi
270 2203 419 2288 potestas
444 2189 655 2289 principibus
681 2191 853 2276 romanis,
883 2189 970 2289 ipsis
997 2189 1187 2281 latentibus
1201 2187 1257 2289 epi·

153 2297 675 2406 scopisasseritur.'Balduinus
689 2301 987 2406 suamque-'Comes
1005 2306 1131 2379 luditlr
1150 2302 1254 2380 carol

150 2413 246 2493 Calui
270 2419 374 2492 liliam
401 2430 540 2519 praeter·
558 2436 733 2520 paternum
759 2418 868 2522 ipsius
897 2418 1008 2495 Caroli
1035 2420 1255 2504 consensum,

153 2534 312 2634 sineque
336 2534 481 2608 liliorum
504 2535 649 2609 familias
671 2536 883 2609 matrimonia
909 2560 1013 2635 penes
1040 2537 1155 2634 gallos
1180 2535 1257 2608 irrite

153 2650 440 2737 decernebantur,
465 2676 601 2723 uxorem
617 2652 725 2723 duxit.
747 2652 790 2723 At
805 2649 921 2724 civiles
947 2649 1105 2738 iudices,
1126 2653 1203 2753 ipso
1218 2675 1258 2722 ro

152 2778 252 2861 gente
270 2762 408 2849 Carolo,
431 2765 680 2838 matrimonium
700 2764 782 2838 illud
801 2762 1070 2862 pronunciarunt
1096 2764 1255 2839 iniectum.

151 2877 312 2978 Episcopi
336 2902 416 2951 vero
444 2879 680 2979 spiritualibus
714 2879 852 2953 inflictis
884 2880 1003 2980 poenis
1038 2879 1259 2980 improbarunt

141 3010 254 3093 atque
284 2991 508 3066 damnarunt(
526 2996 575 3067 Ex
598 3021 668 3095 quo
692 2995 815 3070 lactum
845 3012 921 3084 est,
948 3011 986 3068 ut
1012 2993 1203 3069 Balduinus
1226 2991 1258 3069 od

151 3108 344 3207 pontificem
359 3107 531 3180 Nicolaum
546 3110 573 3179 l.
585 3109 787 3207 confugerit,
806 3109 864 3209 qui
877 3109 1082 3182 ¹huiuamodi
1106 3112 1259 3184 insciente

151 3240 247 3326 patre
265 3225 338 3298 initi
361 3226 508 3322 coniugii
531 3221 666 3298 ¹reniem
693 3227 799 3299 daret.
822 3226 933 3312 Votis,
955 3243 1162 3327 utaequum
1179 3238 1256 3308 erat,

152 3342 274 3415 restitit
304 3335 475 3440 pontifex,
511 3366 654 3441 eamque
678 3338 804 3415 tantam
830 3343 1026 3416 detestatus·
1047 3337 1257 3417 enarrator

152 3455 294 3529 dimisit.
312 3456 459 3529 Tandem
481 3456 609 3529 iteratis
632 3457 787 3556 precibus
805 3456 933 3544 victus,
950 3457 1040 3530 datis
1053 3457 1101 3530 ad
1117 3458 1257 3532 Carolnu

154 3568 293 3656 litteris,
323 3586 417 3666 rogat
439 3586 476 3642 ut
499 3570 629 3643 irritum
654 3571 809 3643 Balduini
834 3587 937 3670 atque
961 3571 1077 3644 luditb
1106 3573 1259 3644 matrimo

154 3684 247 3755 nium
267 3699 375 3755 ratum
394 3683 586 3784 iustumque
600 3685 780 3757 decernere
792 3685 911 3772 vellet,
932 3686 1089 3784 apprime
1112 3709 1256 3768 noscens,

155 3797 244 3895 quod
265 3798 338 3897 ipse
357 3797 434 3870 talis
457 3798 614 3871 connubii
641 3800 781 3896 gratiam
807 3815 922 3899 posset
943 3799 1068 3872 fecere.
1086 3799 1257 3874 Humanis

156 3911 253 3986 simis
279 3912 448 4011 pontilicis
470 3914 628 4014 precibus
649 3915 766 3987 annuit
783 3915 938 4004 Carolus,
962 3917 1175 4020 remissaque
1191 3914 1255 3989 diri·

174 4251 176 4255 ,
227 4195 293 4257 (1⁰2)
310 4198 336 4245 tn
354 4197 396 4246 cit.
409 4211 494 4260 opusc.
507 4200 596 4262 lt'upt:
611 4203 638 4250 ot
650 4203 709 4251 suot
724 4199 908 4264 conrtttcdr'nt,
922 4213 976 4263 cap.
989 4204 1021 4249 v.
1036 4215 1091 4266 pag.
1107 4171 1224 4263 resson.

230 4277 295 4337 (toa)
310 4276 363 4327 uin.
376 4279 420 4328 ΙΙΙ.
435 4281 502 4329 Hlst.
515 4278 640 4329 rhemens.
