2804 5062
23 438 24 441 Ἴ
144 346 213 418 112
386 369 448 417 mr.
468 368 505 418 u.
527 367 614 418 surr.
636 369 659 418 1.
682 367 864 419 orrorssr.
887 369 1071 420 occurs.=

215 486 415 561 Benedictus
439 486 522 560 XIV.
552 502 732 586 numquam
760 487 966 586 pullularent
993 503 1042 561 tot
1070 489 1255 565 novitatum

142 630 290 704 aucupes
308 619 412 703 atque
431 601 748 702 apostolicaesedis
766 603 969 677 detractores
987 604 1023 676 in
1039 601 1255 682 celeberrime

142 746 244 820 opere
268 720 316 791 Dc
339 718 464 818 synodo
489 719 681 791 dioecesano
701 719 760 791 lib.
787 720 843 790 lx.
873 745 949 818 cap.
977 721 1019 791 ll.
1043 736 1149 794 totam
1173 721 1255 801 bant

142 836 374 936 quaestionem
393 834 520 906 iamdiu
542 835 745 934 expenderat
761 882 783 920 ‚-
798 835 1002 936 reiectisquo
1024 835 1255 912 nonnullorum

141 951 315 1023 doctorum
344 948 586 1046 apparentibus
617 948 808 1021 rationibus
834 937 961 1047 quibos
982 948 1255 1049 persuadem'sd

143 1065 211 1136 nisi
240 1079 355 1148 erant,
378 1062 412 1133 in
440 1060 612 1161 aliquibus
637 1061 774 1135 casibus
807 1088 910 1161 posse
935 1064 1117 1164 episcopos
1143 1064 1179 1137 io
1203 1090 1255 1164 pn

143 1178 233 1252 blico
256 1176 497 1275 impedimento
524 1176 695 1263 relaxare,
724 1193 850 1250 sartum
868 1194 1058 1277 tectumque
1083 1202 1170 1251 roro.
1183 1181 1255 1279 pon·

144 1293 228 1368 tilici
261 1293 349 1367 banc
375 1292 565 1366 removendi
600 1292 843 1392 impedimenta
867 1309 1064 1393 potestatem
1095 1294 1255 1367 asseruit

144 1407 383 1508 concluditque
404 1407 530 1480 monito
552 1407 765 1480 Cabassutii:
792 1409 910 1482 «Sans
934 1408 1021 1482 istae
1032 1407 1078 1481 ab
1094 1409 1255 1509 episcopio

145 1546 327 1598 concessae
350 1521 624 1620 dispensationes
642 1547 704 1621 pro
729 1522 979 1597 contrahendis·
991 1522 1188 1621 coniugiis,
1208 1547 1255 1598 m

146 1637 333 1711 nullitatem
359 1654 419 1710 aut
440 1637 709 1711 incertitudinem
731 1656 873 1712 causant
890 1640 1105 1712 sacramentis
1127 1641 1172 1733 dt
1186 1664 1255 1714 vert

143 1755 178 1827 io
196 1780 232 1827 ro
250 1754 512 1827 sacramentaria
527 1755 706 1827 unanimes
726 1755 848 1828 decent
864 1753 1011 1851 theologi
1020 1810 1031 1840 ‚s
1044 1781 1114 1828 noo
1134 1754 1255 1831 esseli

146 1869 251 1944 citum
272 1868 460 1969 quidquam
478 1870 596 1942 incerti
617 1869 799 1957 adbibere,
820 1896 861 1943 eo
878 1885 971 1944 corto
987 1870 1099 1944 medio
1113 1888 1255 1970 -praotso

146 1986 275 2071 misso,
303 1984 394 2084 quod
421 1984 573 2057 adbiberi
602 1986 722 2084 possit.
754 1985 863 2084 Atque
890 1987 937 2058 ita
961 1984 1097 2059 licentia
1123 1986 1191 2060 isto
1213 1989 1255 2064 vo

147 2099 309 2175 nelariam
334 2100 463 2173 inducit
490 2101 690 2174 sacramenti
709 2100 921 2186 nuditatem,
943 2101 1062 2174 autad
1079 2124 1255 2176 summunt

149 2215 272 2289 tutiore
288 2214 389 2288 simul
408 2232 441 2290 et
460 2215 687 2314 probabiliore
706 2216 867 2314 opinions
887 2217 1030 2303 reiecto,
1056 2218 1172 2292 minus
1187 2212 1255 2318 pro

149 2329 322 2416 habilem,
352 2357 414 2404 neo
439 2346 569 2416 tutam,
596 2332 631 2401 in
658 2331 741 2404 tanti
767 2333 926 2406 momenti
947 2350 1163 2408 sacramento
1187 2332 1255 2409 cori

148 2448 299 2518 sectatur
324 2445 569 2544 opinionem.»

223 2560 285 2632 His
311 2560 467 2633 omnibus
490 2562 677 2659 praeiverat
701 2562 781 2635 Pius
807 2561 858 2633 lv.
887 2589 963 2635 oum
987 2563 1079 2634 enim
1106 2563 1151 2635 ad
1177 2563 1255 2636 hunt

149 2674 340 2772 pontificem
367 2676 536 2774 principes
559 2693 592 2749 et
613 2677 775 2750 electores
796 2677 994 2750 Germaniae
1010 2677 1129 2762 varia,
1160 2694 1198 2751 ut
1213 2677 1255 2750 di

149 2787 287 2874 cebant,
317 2790 512 2885 gravamina
542 2791 768 2878 detulissent,
798 2794 884 2864 inter
913 2792 999 2866 hacc
1028 2816 1255 2867 rccensueran

149 2930 284 3004 quoque
320 2902 589 3003 dispensationes
623 2922 760 2979 sanctae
790 2907 866 2978 Sedi
901 2923 1111 2995 reservatas,
1142 2907 1255 3007 quibui

150 3045 304 3091 summus
330 3018 479 3116 pontifex
507 3020 681 3118 respondit
709 3021 969 3094 «iniustissima
996 3026 1105 3115 (eos)
1127 3038 1242 3121 petere

149 3159 228 3207 nam
243 3133 306 3206 >ubi
325 3133 571 3233 archiepiscopi
590 3151 648 3208 out
664 3136 816 3240 episcopi
834 3152 1030 3234 potestatem
1050 3134 1200 3209 babeant
1216 3135 1255 3208 di

151 3249 336 3348 spensandi
363 3249 397 3320 in
415 3249 492 3335 bis,
521 3257 610 3350 quae
625 3251 661 3321 in
679 3250 781 3322 huius
803 3277 833 3323 s.
854 3251 951 3323 Sedis
969 3250 1172 3324 anctoritate
1187 3275 1255 3323 oon

152 3364 267 3437 stitnta
295 3380 393 3449 sunt,
429 3364 492 3437 boc
526 3381 578 3438 est
607 3365 781 3438 inferiores
811 3381 844 3437 et
878 3363 1003 3436 subditi
1038 3364 1072 3434 in
1103 3364 1179 3460 lege
1201 3390 1255 3438 «ω

152 3479 320 3577 periurum
339 3506 476 3552 snorum
493 3537 501 3564 ,
518 3481 605 3552 nisi
623 3481 750 3553 obicis
774 3480 841 3553 :hoc
864 3506 1023 3578 expresse
1041 3480 1251 3578 permittituo

148 3593 242 3666 omni
260 3593 346 3679 iuri,
369 3597 529 3694 omnique
550 3596 673 3668 rationi.
688 3596 893 3669 contrarium
915 3621 1010 3680 csse,
1039 3594 1255 3677 indubitatum

151 3727 204 3783 est
225 3713 316 3803 (59).
339 3740 355 3781 »
373 3766 389 3779 ..
1236 3713 1250 3735 '⁴

199 3826 309 3897 lium
329 3826 429 3921 igitur
454 3851 495 3897 eu
521 3825 721 3898 allatisturn
749 3826 1062 3923 argumentisstum
1082 3825 1255 3897 documen

152 3940 195 4012 tis
222 3941 435 4038 apertissime
465 3940 691 4024 condensius
715 3941 863 4040 ipsa.rei
890 3941 956 4039 qua
987 3939 1032 4012 de
1055 3938 1168 4036 agitur
1192 3961 1255 4037 spo

160 4184 163 4189 >
184 4180 187 4185 ·
222 4163 272 4222 (so)
295 4167 350 4214 unc
368 4139 460 4214 νῆιν.
473 4177 617 4229 inponam
636 4166 775 4227 cnutone
792 4167 834 4213 vr.
853 4165 879 4212 in
900 4163 999 4213 tanum
1016 4162 1088 4212 omi
1100 4136 1142 4211 'so
1160 4161 1255 4223 mutuo

153 4241 333 4303 montensem-3
352 4255 384 4293 ao
398 4243 520 4307 reperitur
535 4243 609 4307 spuo
627 4244 780 4306 Rsyrrsldun
800 4244 995 4293 monadorum
1013 4242 1097 4292 soost
1117 4240 1255 4292 Borontta

151 4334 190 4371 ou.
207 4328 274 4373 1563.
288 4336 313 4372 o.
328 4327 365 4374 ll.
377 4323 418 4374 ed.
432 4327 533 4398 L'oceos.
551 4329 615 4375 1756.
630 4327 689 4374 tom.
703 4327 756 4374 XV.
769 4338 824 4386 pag.
841 4328 895 4373 371Ὶ
1205 4354 1209 4362 -
