2804 5062
145 180 220 255 tat.
283 246 287 253 .
319 248 322 253 .
350 198 1017 255 .1un;rr.srcr.·r.·mrortsr.,sccm.
1089 234 1092 239 ,

144 334 291 409 etatem,
312 323 418 397 toties
429 323 477 397 ad‘
486 320 719 421 apostolicam
735 322 852 396 sedem
874 326 913 396 'se
924 320 1150 421 recoperint,
1169 318 1288 397 eiu-

142 464 210 540 que
233 439 461 513 auctoritatem
488 442 719 536 agnoscerent.

216 556 427 656 Quapropter
446 553 497 627 vel
513 555 579 654 ipsi
601 555 783 654 scriptores
808 553 1070 652 gallicanilassi
1101 556 1186 629 sunt
1202 555 1288 631 han

142 697 263 746 causas
291 686 368 743 ante
389 670 519 743 iudices
543 670 792 745 ecclesiasticos
817 696 894 744 esse
920 670 1186 760 discutiendas,
1215 689 1288 745 at—

141 813 208 888 que
234 786 276 859 ah
301 786 387 885 ipsis
412 786 747 883 deserueramus).

205 902 333 975 llerum
358 903 448 1001 quo'd
473 929 544 975 rem
570 917 717 976 nostram
744 903 854 999 magis
880 903 1058 975 confirmat
1088 903 1146 975 ost
1169 904 1276 1002 ipso-

143 1034 287 1090 rummet
310 1019 753 1117 protestantium'sentiendi
783 1036 815 1091 et
839 1017 961 1115 agendi
986 1018 1072 1093 ratio
1089 1018 1104 1106 ,'
1128 1019 1189 1117 qui
1214 1042 1280 1093 ec-

142 1132 369 1208 clesiasticum
386 1133 532 1208 tribunal
550 1133 584 1205 in
603 1135 717 1207 causis
733 1132 1040 1207 matrimonialibus
1053 1133 1256 1230 agnoscunt.

143 1248 267 1322 luserit
284 1247 327 1320 ad
342 1248 526 1349 pleniorem
538 1247 791 1345 regalistarum,
805 1248 867 1347 qui
885 1274 924 1322 se
942 1247 1262 1347 catholicos‘appel

142 1363 236 1452 lunt,
266 1365 522 1452 confusionem,
551 1390 665 1437 eorum
693 1364 876 1437 sententias
905 1390 952 1437 ac
968 1361 1073 1439 verba
1099 1362 1251 1464 prolerre.

143 1480 347 1556 Boohmerus
368 1479 564 1554 lutheranus
591 1478 853 1553 iurisconsultus
869 1478 1010 1552 scribit:
1043 1478 1164 1552 «Sunt
1185 1503 1254 1552 cau·

142 1620 203 1669 sae
225 1595 477 1671 ecclesiasticae
499 1593 552 1669 vel
573 1595 617 1668 ad
643 1596 777 1692 negotia
801 1594 894 1668 licita
910 1593 963 1669 vel
980 1593 1102 1668 illicita
1121 1595 1250 1668 releren

143 1711 219 1786 deo.
256 1711 308 1783 td
337 1710 397 1784 illa
421 1712 590 1810 pertinent
620 1709 889 1785 matrimoniales.
919 1710 1073 1783 llelortur
1099 1708 1191 1782 enim
1216 1705 1251 1781 al

143 1826 287 1901 classem
308 1823 625 1915 sacramentorum,
654 1824 739 1898 adeo
764 1842 804 1899 ut
825 1822 895 1898 lere
920 1826 1005 1899 haec
1028 1825 1135 1899 unica
1159 1824 1250 1898 osum

143 1936 347 2015 summenti-
359 1937 395 2014 in
414 1942 485 2015 loro
502 1939 709 2016 contentioso
727 1936 930 2039 peragatur';
951 1964 1029 2013 cum
1049 1940 1202 2041 reliquae
1224 1938 1249 2010 in

143 2057 253 2131 lorum
270 2058 430 2158 litemque
447 2053 555 2132 rarius
579 2050 808 2130 deducantur.'
824 2052 1052 2130 Protestantss
1074 2052 1251 2156 sequuntur

144 2172 199 2246 ius
215 2168 448 2272 pontificium
477 2175 633 2272 quamvis
651 2166 741 2245 enim
767 2188 890 2270 negent
915 2172 1169 2246 matrimonium
1186 2192 1251 2244 esst

144 2284 420 2375 sacramentum·
438 2284 679 2360 existimarunt
702 2303 814 2361 tamen
840 2282 987 2360 maiores
1011 2286 1123 2361 nostr-'i
1149 2285 1254 2363 maai.

145 2400 309 2476 moniales
335 2427 457 2476 causas
490 2400 534 2476 ed
562 2400 925 2478 casus‘conscientiae'
939 2418 1020 2478 esse
1041 2398 1248 2485 referendos,

143 2513 286 2616 quorum
312 2542 388 2590 oum
414 2546 481 2592 non
507 2519 671 2593 habeatur
690 2514 776 2593 ratio
797 2521 833 2591 in
855 2521 926 2593 loro
952 2518 1117 2606 seculari,
1144 2518 1249 2592 morito

145 2632 281 2705 easdem
300 2628 425 2705 iudicio
443 2630 673 2708 ecclesiastico
690 2660 768 2708 esse
785 2628 990 2732 delegandus
1011 2637 1138 2732 (20).»
1164 2648 1167 2653 '

220 2747 262 2820 Et
286 2749 425 2820 iterum:
451 2748 564 2822 «Adeo
589 2746 668 2824 vero
692 2775 815 2824 causae
832 2746 1098 2823 matrimoniales
1122 2750 1166 2823 ad
1183 2773 1249 2823 con·

145 2863 281 2938 sistoria
306 2878 421 2939 nostra
446 2880 620 2963 spectant,
649 2883 687 2939 ut
711 2866 864 2939 doctrina
885 2867 968 2939 iuris
992 2859 1162 2964 pontificii
1187 2863 1250 2937 uni·

143 3004 241 3055 versa
262 2981 308 3055 de
332 2981 397 3054 hac
420 2983 560 3055 materia
578 2983 647 3056 lero
665 2999 797 3083 recepta
815 2983 870 3059 sit.
885 2978 1064 3056 'Pertinont
1083 2983 1198 3083 itaque
1217 2976 1249 3053 ul

160 3248 164 3255 .
212 3208 263 3272 (te)
278 3211 398 3262 Sicorim
414 3211 540 3263 scribitl).
556 3213 728 3263 D'llericonrt:
750 3214 795 3263 «Si
812 3213 874 3263 dens
887 3213 924 3264 les
941 3213 1097 3276 oppositam
1113 3214 1159 3277 qul
1173 3208 1252 3263 one

104 3321 106 3325 -
143 3285 245 3336 lormees
261 3300 292 3336 au
308 3290 431 3352 mariage3
446 3288 493 3338 S’r'l
510 3289 586 3352 s’aqll
599 3290 637 3340 ἀιι
653 3291 705 3341 lton
726 3294 751 3340 el
768 3291 805 3341 du
817 3296 977 3354 sacrament,
991 3307 1088 3342 comme
1104 3294 1125 3342 si
1144 3293 1191 3342 l'on
1206 3289 1249 3354 pre

140 3364 200 3416 tend
218 3364 277 3427 qu'il
294 3380 309 3428 y
329 3380 344 3416 a
361 3382 391 3417 eu
411 3369 455 3419 des
473 3370 605 3430 ssancailles
622 3384 681 3419 avec
701 3384 748 3420 une
764 3373 833 3420 arrtre
850 3384 969 3435 personne
986 3373 1057 3421 laites
1078 3386 1124 3434 par
1141 3372 1205 3421 l'unc
1217 3369 1252 3418 ds

143 3445 207 3496 deux
223 3447 325 3509 parties,
335 3461 367 3496 ou
379 3448 442 3499 d’nn
460 3451 567 3512 mariage
582 3450 625 3513 qui
640 3450 744 3500 subsisto
754 3463 859 3513 encore,
878 3452 894 3500 ll
906 3452 958 3500 saut
973 3464 1000 3501 so
1014 3450 1134 3514 poursolr
1153 3464 1196 3515 per
1209 3447 1251 3499 l'ol·

142 3525 205 3576 ficlel
224 3527 409 3591 ecclesiasque
429 3543 471 3579 sur
488 3531 522 3580 les
536 3531 699 3592 oppositions3
718 3531 780 3580 mals
795 3532 815 3580 sl
827 3531 842 3580 l'
852 3530 990 3594 oppositiou
1009 3534 1047 3580 est
1058 3531 1149 3582 londes
1162 3543 1205 3581 sur
1219 3527 1254 3579 tl·

144 3607 246 3657 interca
261 3608 409 3671 temporem,
425 3623 521 3660 comme
536 3611 609 3660 celles
623 3609 668 3659 des
683 3611 752 3673 peres
766 3613 792 3660 et
808 3611 902 3673 meres,
919 3611 962 3661 des
976 3613 1074 3660 tutcurs
1094 3613 1122 3661 ct
1137 3611 1181 3662 (les
1193 3621 1254 3661 curt·

143 3688 226 3748 leurs,
244 3687 304 3738 c'est
325 3688 415 3738 devant
430 3689 453 3739 lc
470 3690 526 3752 iugo
544 3690 662 3751 mulier,
675 3703 724 3753 que
734 3691 769 3741 les
778 3691 931 3754 oppositione
949 3690 1051 3740 doivent
1065 3692 1255 3755 stratones·

142 3766 189 3815 Ias
205 3765 261 3816 lots
270 3767 476 3832 cccloetoctr'qucs
486 3769 518 3820 de
532 3773 644 3820 Franco.
661 3772 800 3821 Newctntel
817 3776 884 3822 1774.
902 3771 1037 3822 Troisleme
1048 3773 1113 3834 part.
1124 3773 1165 3823 ch.
1180 3774 1211 3821 V.
1224 3769 1257 3821 dt

143 3847 261 3908 manuue
270 3847 293 3910 ς.
305 3854 344 3898 25.
355 3852 381 3898 et
397 3850 457 3900 ibid.
472 3853 518 3900 ert.
532 3856 555 3901 t.
567 3850 591 3914 §.
605 3856 642 3902 17.
661 3871 674 3895 οι
686 3855 721 3902 La
737 3853 792 3903 vole
807 3853 932 3903 ordinaire
947 3866 1011 3915 pour
1025 3865 1053 3903 se
1067 3855 1190 3917 pounoir
1207 3864 1258 3903 con·

142 3925 228 3975 trouu
243 3928 366 3992 mariage,
383 3930 443 3981 o'est
457 3930 488 3981 de
503 3932 656 3983 s’adresserl
668 3932 773 3984 l’osslciel
783 3971 791 3995 ,
803 3933 847 3997 qul
858 3936 911 3995 est,
926 3933 1027 3985 suivant
1038 3932 1076 3984 les
1094 3934 1261 3986 ercomenon

142 4004 166 4053 le
181 4004 238 4068 iuge
250 4005 286 4056 (lu
305 4010 441 4061 sentement
462 4014 488 4061 et
502 4010 537 4060 du
557 4013 605 4062 lien
623 4013 667 4076 qul
687 4013 710 4063 le
724 4013 834 4066 forme.»

210 4085 261 4148 (to)
277 4088 403 4139 Boehmor.
413 4093 461 4141 lut
468 4089 634 4143 ccclmtosttc.
640 4094 751 4157 protest.
761 4095 848 4144 tom.1.
858 4094 902 4144 lib.
912 4101 934 4144 a.
944 4093 967 4156 §.
977 4093 1062 4144 used.
1072 4096 1185 4146 attelae
1196 4099 1261 4148 isto.

142 4175 197 4226 pag·
209 4170 313 4227 stateo.
