2804 5062
147 367 222 438 tot·
350 390 433 439 ιιι.
460 389 496 439 ιι.
521 387 607 438 sicr.
636 387 660 436 1.
685 387 724 436 nr
747 384 872 435 rornsr.
899 382 1028 435 eccum.

146 523 176 579 et
187 506 352 580 seditioso.
371 507 581 606 Quapropter
603 504 722 578 eadem
744 529 774 576 s.
790 500 924 576 concilii
948 502 1168 599 congregatio
1186 520 1260 578 tan·

147 622 223 695 dem
244 623 326 694 xiv.
344 621 413 695 lml.
429 620 587 694 Februar.
608 646 662 692 an.
681 619 787 690 iiiii.
800 616 932 691 censuit
944 647 952 690 :
966 644 1045 692 mon
1061 621 1260 718 exscripto·

144 737 396 834 propositionem
419 760 486 807 esse
507 734 630 832 salsam
647 748 678 805 et
700 734 904 805 temerariam
924 733 1013 828 (il).

220 851 337 948 ltaque
366 875 407 921 ex
433 847 595 922 ecclesiae
621 845 844 921 consensione
867 862 901 918 et
925 845 1019 946 praxi
1049 863 1144 946 patet
1168 848 1260 925 had

148 964 438 1067 posseppisoopos
453 964 524 1037 iure
539 963 674 1063 proprio
691 960 857 1036 eiusmodi
876 961 1195 1061 impedimentorum
1212 990 1260 1039 ro·

148 1081 334 1154 laxationes
347 1080 529 1154 concedere
542 1108 550 1166 ;
569 1078 661 1178 quod
676 1078 704 1151 si
720 1078 802 1152 sorte
815 1077 1060 1164 attentaverint,
1077 1078 1190 1152 nullas
1202 1105 1260 1153 eas

149 1222 288 1296 prorsus
304 1221 381 1268 esse
398 1251 407 1281 ,
422 1211 537 1293 utpote
551 1220 640 1292 quae
664 1193 816 1293 ipsorum
833 1192 1064 1266 auctoritatem
1082 1193 1260 1267 excedant

220 1310 317 1397 Quod
344 1309 373 1382 si
398 1309 586 1407 exemplum
617 1324 790 1404 urgeretur
816 1306 1051 1380 nonnullorum
1078 1308 1260 1408 opiscopo-

147 1452 240 1511 rum,
261 1425 320 1524 qui
338 1424 411 1497 sive
432 1425 467 1495 in
488 1423 606 1496 Galliis
631 1423 703 1496 sive
728 1422 809 1496 alibi
828 1421 1050 1496 relaxationes
1069 1423 1104 1496 in
1121 1424 1260 1523 quibs»

146 1542 224 1613 dem
248 1540 457 1638 cognationis
479 1554 538 1611 eut
563 1538 737 1613 affinitatis
756 1538 1005 1638 impedimentis
1025 1538 1167 1614 dedisse
1187 1567 1260 1642 per·

146 1654 320 1741 hibentur,
334 1654 486 1727 admissa
499 1655 600 1727 otiam
614 1652 717 1727 huius
731 1653 927 1727 assertionis
940 1680 1000 1726 seu
1013 1654 1094 1728 iacti
1107 1657 1259 1743 ueritate,

146 1770 175 1842 si
192 1769 343 1867 legitima
358 1770 392 1841 id
406 1796 444 1842 ex
460 1767 703 1842 consuetudine
720 1768 885 1856 lecerunt,
901 1768 1177 1867 respondendnm
1187 1796 1260 1845 cun

145 1885 324 1959 benedicto
336 1886 419 1956 xlv.
440 1911 480 1959 ex
497 1883 682 1985 apostolico
700 1883 860 1983 quopiam
883 1883 1013 1957 indulto
1030 1909 1071 1957 ac
1087 1885 1260 1984 privilep'o

146 1998 238 2072 illam
257 2000 421 2097 originem
442 2001 581 2073 duxisse
603 2001 692 2094 (li).
713 2000 821 2084 Sane,
836 2023 913 2070 cum
929 1998 1003 2070 iiii.
1023 1997 1199 2098 prioribus
1212 2025 1260 2075 eo

145 2113 270 2188 clesiae
287 2115 411 2189 seculis
430 2141 614 2214 numquam
640 2114 740 2187 luerit
760 2113 803 2186 ab
824 2113 996 2212 episcopis
1014 2113 1059 2187 de
1084 2113 1260 2215 dispensae

144 2229 294 2303 tionibus
320 2229 532 2303 matrimonio
562 2228 709 2328 praeviis
739 2228 938 2325 cogitatum,
967 2255 1114 2329 cumque
1140 2254 1260 2304 novam

145 2343 233 2417 hanc
249 2344 483 2444 disciplinam,
504 2361 540 2417 nt
557 2370 662 2444 supra
679 2343 908 2431 ostendimus,
934 2344 1063 2418 romani
1085 2345 1260 2445 pontific&

146 2460 244 2557 primi
263 2461 468 2546 invenerint,
486 2461 703 2559 propagarint
721 2461 855 2560 sibique
870 2459 1091 2545 vindicarint,
1109 2485 1178 2533 non
1196 2459 1260 2534 olio

147 2574 276 2647 ratione
292 2575 472 2671 excogitari
492 2591 600 2674 potest
618 2576 652 2647 in
674 2576 854 2675 episcopos
877 2574 1157 2648 consuetudinem
1176 2575 1260 2650 hanc

145 2687 359 2775 dimanesse,
390 2689 521 2762 nisiex
548 2692 742 2763 eorumdem
768 2691 986 2789 pontificum,
1010 2691 1068 2790 qui
1095 2690 1174 2765 illos
1199 2690 1260 2766 boo

145 2829 281 2902 quoque
298 2804 332 2875 in
351 2830 387 2877 re
404 2804 439 2875 in
458 2821 586 2904 partem
613 2805 852 2879 sollicitudinis
869 2823 1049 2892 vocarunt,
1071 2806 1204 2881 indulto
1223 2822 1260 2881 oc

146 2918 333 3017 privilegio.
368 2921 439 2993 Hoc
466 2945 545 2993 vero
577 2920 731 3020 dempto,
754 2922 889 2994 nonnisi
915 2921 1035 2994 audaci
1065 2921 1260 2996 facinori'et

146 3035 238 3108 sedis
263 3035 468 3134 apostolicae
488 3037 610 3107 iurium
634 3037 847 3135 usurpationi
871 3036 929 3109 illa
954 3036 1076 3134 agendi
1102 3038 1191 3110 ratio
1214 3037 1260 3112 io-

144 3165 194 3222 ret
227 3150 471 3238 adscribenda,
501 3152 567 3224 nisi
598 3151 682 3225 velis
715 3153 750 3223 in
783 3153 954 3225 nonnullis
985 3180 1025 3226 ex
1050 3153 1260 3252 propriorum

146 3266 270 3338 iuriam
296 3266 507 3341 limitationis
533 3267 740 3397 ignoratione
765 3269 919 3366 coepisse
937 3293 977 3340 ac
993 3267 1130 3340 innoxie
1154 3267 1260 3354 boun,

143 3397 180 3452 ιιι
198 3382 307 3468 aiunt,
330 3384 397 3456 lide
419 3410 478 3457 eos
497 3383 543 3456 ita
571 3409 608 3456 se
625 3383 793 3509 gessisse,
816 3400 869 3457 ast
891 3382 1152 3455 reclamantibus
1175 3409 1260 3457 ronn

144 3494 378 3590 pontificibus,
399 3523 474 3570 cum
493 3497 527 3568 in
546 3497 600 3570 his
624 3496 842 3597 praescriptio
861 3496 932 3569 dari
957 3523 1022 3569 non
1041 3495 1168 3595 possit,
1185 3523 1260 3573 coro

143 3607 280 3681 omnino
303 3633 469 3684 cessasse.
538 3656 540 3663 ι

209 3780 259 3840 (ιι)
276 3778 402 3840 Rigentins
415 3782 555 3831 comment.
569 3785 596 3832 in
612 3795 666 3845 rep.
680 3782 791 3833 cancell.
806 3785 865 3832 tom.
878 3783 921 3831 lv
935 3783 973 3831 De
988 3781 1082 3845 reperto
1092 3783 1179 3833 xLix.
1192 3760 1260 3848 opiid

141 3859 183 3908 cit.
198 3862 337 3910 Dtescrtot.
351 3859 384 3909 rte
399 3863 578 3924 epsicoporum
595 3865 623 3912 tn
640 3861 821 3925 dispensando
840 3865 887 3911 etc
899 3874 954 3924 cap.
967 3865 1009 3911 tv
1022 3874 1077 3925 per
1089 3869 1131 3913 so
1144 3865 1207 3914 eret.
1217 3862 1260 3924 qm

140 3939 241 4001 quidem
255 3940 465 3991 eruditusauctor
482 3940 573 3992 exinde
592 3943 705 3992 tolsitotis
719 3943 806 3993 morito
825 3944 905 4006 arguit
923 3942 990 4008 qood
1008 3955 1037 3990 ex
1052 3941 1260 4073 Gerbsesiqmffl

141 4019 401 4084 ctatnpocr‘ficopag.
414 4025 468 4072 ιιι.
482 4021 711 4087 CollatorParis..§
726 4022 746 4072 1.
760 4037 814 4086 pag.
829 4027 882 4074 ιιι.
895 4023 984 4081 ιιιιιι,
995 4011 1178 4086 celebremque

141 4096 304 4150 cardinslium
315 4101 340 4150 et
348 4101 513 4162 praelatorum
524 4103 735 4165 congregationem
755 4116 794 4152 an.
806 4108 873 4154 toti.
884 4102 1006 4152 censuisse
1020 4101 1120 4165 quidem
1136 4102 1260 4167 dispensu-

141 4177 219 4226 tiones
239 4191 254 4226 o
274 4180 399 4229 nonnuliis
416 4182 536 4244 episcopis
555 4195 628 4244 srrper
647 4184 795 4231 matrimonii
817 4182 996 4246 impedimentis
1015 4194 1145 4233 ceracensis
1163 4184 1260 4244 ualere,

142 4269 189 4305 non
201 4259 282 4306 temen
294 4271 363 4307 suom
375 4260 438 4310 lianc
454 4261 598 4311 sententiam
615 4264 706 4325 scripio
717 4262 844 4324 marmori,
860 4263 951 4313 antedi
963 4263 988 4312 in
1006 4262 1131 4326 pubiicum
1143 4263 1260 4314 suhb-

209 4336 258 4399 (ιι)
275 4340 310 4388 De
325 4338 422 4401 synodo
439 4339 545 4390 dioeces.
566 4340 608 4391 m.
621 4343 662 4392 ΙΧ.
679 4354 735 4405 oep.
749 4345 780 4392 Ιι.
792 4341 817 4404 §.
831 4350 853 4393 t.
1076 4347 1078 4354 '
