2804 5062
144 355 186 424 78
373 376 434 423 urs.
455 375 489 422 rr.
511 375 596 423 ster.
618 376 640 422 r.
663 375 702 422 on
720 374 844 424 rorssr.
867 373 993 423 socom.

142 491 329 566 niventibus
354 491 496 564 ecclesia
521 492 700 590 incoeperit
721 491 787 564 hac
801 492 849 562 uti
869 506 1042 588 potestate.
1072 492 1247 566 Provocati

142 607 276 706 saepius
301 604 495 692 adversarii,
525 622 563 678 ut
586 605 754 678 edicerent
779 604 994 703 quandonam
1019 623 1051 679 et
1076 632 1097 678 a
1121 607 1247 706 quibus

142 720 350 821 principibus
384 746 443 819 pro
475 747 537 793 sua
566 720 688 793 eximie
720 720 843 817 pictate
868 744 907 791 ac
932 718 1133 793 liberalitate
1165 722 1247 795 tanti

141 836 297 909 momenti
332 836 503 908 concessio
534 834 618 907 lacta
649 834 810 907 acclesiae
842 834 959 923 luerit,
989 835 1036 906 nil
1070 835 1247 911 definitum

142 968 335 1050 certumque
367 950 634 1049 responderunt,
663 977 724 1023 nec
751 951 951 1048 respondere
982 977 1132 1050 unquam
1157 969 1247 1051 pote-

144 1081 231 1138 runt.
254 1065 532 1165 Quandoquidem
552 1091 592 1137 ea
610 1065 783 1138 concessio
801 1065 908 1137 locum
927 1091 993 1140 non
1012 1066 1130 1138 habuit
1145 1094 1247 1166 quum

144 1183 288 1281 piissimi
314 1183 482 1282 principes
513 1182 688 1283 imperium
721 1197 887 1277 regerent,
915 1182 1155 1256 Constantinus
1180 1185 1247 1258 tta-

144 1325 250 1394 gnus‚
278 1298 528 1371 Valentinianus
561 1299 587 1369 l.
617 1297 825 1371 Theodosius
858 1297 990 1382 senior,
1019 1298 1162 1396 eiusque
1187 1298 1247 1372 lilii

144 1411 305 1486 Arcadius
338 1429 370 1485 et
403 1413 595 1500 Honorius,
632 1413 754 1485 deinde
786 1438 864 1485 vero
896 1411 1150 1487 Valentinianus
1184 1414 1244 1486 lll.

146 1525 342 1613 Gratianus,
376 1528 579 1613 Marcianus,
607 1526 731 1625 aliique
756 1527 804 1625 pii
829 1542 861 1600 et
890 1526 1046 1599 catholici
1071 1527 1247 1626 imperato-

146 1668 220 1716 res:
250 1669 326 1713 nam
351 1643 442 1716 iuxta
467 1642 676 1715 adversarios
702 1643 869 1742 principes
899 1642 954 1714 isti
973 1642 1171 1716 auctoritate
1188 1667 1247 1717 sua

147 1756 385 1857 impedimenta
402 1759 591 1831 dirimentia
609 1758 864 1830 constituerunt:
885 1781 994 1855 neque
1010 1783 1050 1830 ea
1074 1759 1187 1832 cessio
1202 1757 1247 1833 lu·

146 1899 223 1946 cum
239 1873 357 1945 babuit
369 1874 581 1973 sequioribus
595 1872 731 1960 seculis,
743 1874 813 1946 sive
827 1899 929 1972 quum
940 1872 1099 1970 Pipinus,
1109 1871 1247 1947 tamtus

147 1990 214 2075 ld,
236 1990 423 2063 Ludoricus
442 1992 538 2078 Pius,
559 1991 630 2065 sive
647 2017 747 2089 quum
773 1988 889 2075 Gothi,
916 1987 1170 2085 Longobardivo
1194 1989 1247 2062 im

149 2123 326 2204 pararent;
359 2107 525 2206 siquidem
557 2095 647 2180 iuxta
677 2107 887 2180 adversarios
918 2105 1059 2179 huiusce
1090 2105 1247 2204 temporit

149 2221 318 2321 principes
344 2222 429 2294 iuris
454 2224 506 2296 sui
534 2248 671 2320 prorsus
697 2238 829 2294 tenaces
848 2221 883 2292 in
900 2221 973 2294 suis
992 2220 1167 2294 codicibus
1189 2220 1247 2294 irn-¹

149 2336 340 2434 pedimenta
364 2337 554 2409 dirimentis
578 2339 700 2434 pariter
725 2337 979 2421 constituerunt,

220 2451 332 2523 Restat
356 2451 457 2547 igitur
481 2466 518 2522 ut
542 2465 631 2523 tanta
658 2450 691 2521 in
718 2449 892 2523 ecclesiam
919 2450 1026 2549 pietas
1043 2474 1084 2520 ac
1107 2447 1247 2522 liberuli-

152 2581 203 2637 tas
229 2568 372 2638 maxime
396 2566 565 2638 emicuerit
590 2592 665 2637 cum
691 2567 800 2662 iurgia
829 2581 929 2664 atquc
954 2563 1099 2636 dissidia
1125 2562 1247 2638 atrocia

149 2679 373 2779 diuturnaque
403 2697 472 2751 tum
502 2680 545 2753 ob
577 2681 670 2769 alia,
704 2697 773 2753 tum
799 2682 898 2753 etiam
923 2679 966 2752 ob
991 2703 1111 2751 causas
1138 2678 1247 2752 matri·

150 2794 313 2867 moniales
340 2795 426 2866 inter
453 2796 672 2868 sacerdotium
691 2813 723 2869 ct
744 2796 919 2894 imperium
935 2810 1162 2890 ⁴exarserunt,
1190 2792 1247 2867 sub

152 2908 307 3009 Philippo
333 2911 500 3007 Augusto,
527 2911 682 3009 Philippo
704 2911 867 2997 Pulchro,
891 2909 1061 2996 Lethario,
1084 2909 1247 2984 ludovico

151 3027 277 3099 bavaro
303 3025 446 3124 aliisque
471 3026 676 3099 huiusmodi.
694 3027 818 3125 Ecquis
843 3041 952 3098 autem
978 3024 1059 3098 talia
1084 3024 1169 3097 leret
1192 3022 1247 3100 ab

152 3139 278 3214 surda?
683 3152 685 3156 ’

223 3255 367 3342 Deinde,
388 3255 439 3329 vel
458 3255 653 3352 singillatim
672 3254 814 3352 singuli,
834 3254 889 3327 rel
906 3279 1020 3326 omnes
1039 3254 1141 3325 simul
1160 3254 1247 3352 prin·

152 3372 243 3468 cipes
273 3373 491 3445 consensione
516 3372 602 3444 iacta
628 3371 681 3444 ins
700 3368 924 3442 constituendi
942 3368 1187 3466 impedimenta
1203 3367 1247 3440 di-

153 3483 307 3556 timentia
330 3486 492 3559 ccclesiae
517 3512 555 3558 ac
574 3501 768 3583 potestatem
786 3483 1013 3557 contulissent.
1035 3481 1077 3555 At
1100 3498 1247 3557 neutrum

60 3645 63 3651 -
152 3596 218 3670 dici
239 3611 365 3696 potest;
387 3625 451 3672 non
470 3601 632 3697 primum,
649 3599 777 3671 scilicet
794 3597 943 3694 singulos
959 3596 1154 3683 contulisse,
1170 3597 1247 3670 alie

152 3712 233 3810 quin
252 3710 381 3784 illorum
399 3715 534 3787 nomina
551 3740 844 3810 cognosceremus,
866 3713 1060 3811 romanique
1078 3712 1247 3810 pontilicet

152 3845 184 3901 et
212 3828 352 3902 concilia
382 3855 441 3927 pro
466 3829 522 3902 tali
549 3847 707 3927 motaque
732 3828 929 3903 liberalitate
958 3827 1042 3924 grati
1073 3827 1180 3900 animi
1208 3825 1247 3899 si·

153 3943 397 4039 gnificationem
424 3944 491 4016 illis
520 3943 768 4031 exhibuisseut;
803 3971 870 4018 non
900 3942 1062 4027 alterum,
1098 3968 1159 4015 seu
1187 3965 1247 4015 nos

154 4084 271 4132 omnes
296 4060 414 4147 simul;
443 4085 545 4160 Qum
571 4060 614 4131 ad
639 4059 744 4132 instar
769 4058 920 4132 miraculi
947 4057 1141 4130 huiusmodi
1174 4081 1247 4131 con·

155 4173 295 4271 spiratio
328 4192 429 4274 atque
461 4175 635 4249 consensio
668 4175 784 4249 haberi
816 4175 969 4260 deberet,
1006 4198 1109 4273 quum
1145 4171 1247 4270 petitu

155 4288 357 4386 experientia
369 4291 526 4364 diuturna
539 4290 729 4389 patefecerit
742 4290 911 4390 principes
929 4289 1097 4365 seculares
1111 4303 1247 4362 tentasu
