2804 5062
159 330 229 405 131
389 354 452 404 un.
472 353 509 403 u.
530 351 617 405 secr.
639 353 662 401 r.
678 351 719 400 nu
738 350 864 404 rouesr.
886 348 1013 401 accurs.

156 488 229 561 est,
257 485 295 546 ut
317 469 375 573 qui
401 469 444 544 de
469 469 539 542 illis
564 470 689 543 Romae
715 466 935 568 impetrandis
963 466 1265 564 desperarent,se

155 603 268 662 nmen
293 612 352 660 eas
377 585 421 659 ab
446 584 631 685 apostolica
656 581 738 657 sede
762 580 952 655 obtinuisse
984 579 1077 680 apud
1106 606 1191 656 suos
1214 608 1266 655 au-

155 703 280 780 tistites
304 701 526 776 mentirentur
543 702 682 798 (133).»

228 817 427 892 constanter
451 829 563 889 autem
583 813 654 886 dixi
674 813 805 888 nullum
824 829 936 887 extare
955 810 1150 911 exemplum
1175 811 1267 916 datae

154 930 321 1007 eiusmodi
347 928 561 1005 relaxationis
587 929 630 1002 ab
655 929 834 1027 apostolica
858 926 932 1000 seda
953 952 1015 1000 seu
1039 952 1061 999 a
1088 951 1174 1001 rom.
1189 952 1267 1026 pou

154 1045 324 1134 tilicibus3
350 1044 522 1145 siquidem
547 1045 595 1118 uti
623 1044 724 1144 paulo
749 1059 826 1118 ante
850 1041 1049 1130 retulimus,
1080 1069 1104 1117 a
1131 1041 1267 1149 nonnul·

154 1159 197 1234 lis
230 1161 478 1262 antiquioribus
512 1159 667 1234 conciliis
701 1160 736 1232 in
770 1160 835 1233 hoc
871 1159 980 1259 primo
1018 1156 1132 1232 lineae
1166 1173 1267 1233 reema

154 1275 333 1350 affinitatis
368 1275 476 1375 gradu
509 1292 569 1350 aut
601 1303 624 1350 a
653 1275 796 1376 paganis
828 1288 905 1348 ante
940 1273 1199 1348 conversionem
1231 1271 1266 1347 ad

154 1389 257 1465 fidem
288 1406 346 1465 aut
370 1418 392 1465 a
416 1390 574 1465 fidelibus
606 1418 714 1491 nuper
747 1389 920 1468 conversis
954 1387 1127 1463 celebrata
1154 1386 1265 1479 eale

139 1533 234 1606 gum
260 1505 565 1584 ecclesiasticarum
599 1508 789 1605 ignorantia
814 1505 974 1604 coniugia
998 1503 1142 1578 tolerata
1167 1518 1263 1597 sunt,

152 1647 265 1723 neque
289 1621 338 1696 ita
362 1623 456 1724 nupti
481 1623 525 1696 ad
552 1623 798 1723 separationem
824 1621 930 1697 coacti
956 1619 1106 1693 fuerunt.
1120 1620 1212 1698 ‚Nam
1228 1633 1267 1713 Ξιιι

152 1737 215 1812 rite
237 1736 410 1812 adnotavit
425 1737 583 1812 laudatus
604 1737 764 1812 Zacharia
787 1740 1077 1835 «Nonnumquam
1099 1733 1264 1834 episcopia

152 1853 265 1927 viuum
291 1852 354 1928 luit
378 1879 398 1926 e
422 1880 457 1927 re
482 1853 646 1927 ecclesiae
670 1879 765 1942 esse,
790 1852 820 1927 si
846 1853 949 1927 uetita
973 1850 1190 1935 matrimonia
1200 1875 1263 1923 non

151 1967 290 2069 quidam
303 1995 344 2043 ex
357 1994 523 2044 canonum
535 1967 667 2067 legibus
681 1968 900 2055 solverentur,
922 1966 982 2040 sed
995 1965 1039 2041 ob
1051 1967 1264 2064 pravissimus

151 2110 268 2158 coccos
294 2083 504 2183 indulgentia
528 2086 750 2160 tolerarentur
769 2087 907 2182 (131).»Ι
920 2082 1103 2177 Disserens
1128 2108 1210 2163 uero
1228 2080 1265 2155 da

152 2199 297 2276 concilio
321 2201 549 2276 aurelianensi
568 2201 680 2276 addit:
700 2203 845 2274 «Patres
859 2200 963 2297 igitur
973 2197 1265 2291 huiusmodicca·

151 2314 246 2414 iugia
270 2317 305 2388 in
331 2333 503 2416 posterum
526 2317 599 2390 lieri
618 2332 752 2405 vetunt,
776 2342 863 2416 quae
890 2331 1000 2388 umen
1017 2313 1063 2388 ad
1080 2311 1171 2395 illud
1188 2328 1264 2404 tem

149 2455 215 2530 pus
240 2446 431 2517 contracta,
454 2459 559 2533 quum
586 2459 624 2507 se
649 2459 716 2505 non
741 2430 928 2505 dissolvere
953 2429 1145 2521 affirmant,
1165 2455 1214 2504 ea.
1229 2450 1264 2503 ιο

149 2544 292 2621 tolerare
310 2546 429 2647 palam
455 2548 583 2622 laciunt
596 2550 734 2644 (135).»
1209 2636 1212 2642 Ι

222 2660 289 2733 Sed
315 2660 358 2735 de
383 2663 623 2762 impedimento
641 2691 681 2736 ex
699 2663 862 2737 affinitate
884 2678 956 2736 orto
973 2661 1008 2732 in
1031 2660 1144 2759 primo
1161 2658 1263 2758 gradu

148 2774 258 2850 lineae
279 2791 388 2850 rectae
406 2780 627 2876 proveniente
640 2807 681 2853 ex
697 2779 931 2853 coniunctione
947 2777 1099 2876 legitima
1113 2804 1177 2852 seu
1189 2803 1263 2855 con·

148 2889 252 2989 iugali
273 2891 450 2966 hactenus.
472 2895 545 2968 Non
570 2895 616 2967 ita
641 2911 752 2969 tamen
773 2922 810 2967 se
830 2922 884 2968 res
905 2893 1026 2980 babet,
1047 2893 1188 2994 quando
1205 2892 1262 2973 itti.-

147 3006 378 3106 pcdimentum
404 3009 510 3083 oritur
535 3036 575 3082 ex
599 3011 835 3084 coniunctione
865 3009 1053 3108 illegitima.
1077 3011 1153 3084 Non
1175 3010 1261 3083 enim

139 3120 269 3198 desunt
293 3122 446 3223 exempla
470 3150 651 3198 concessae
664 3152 684 3198 a
698 3153 781 3199 rom.
794 3124 1013 3226 pontificibus
1035 3124 1262 3226 dispensatio·

144 3236 210 3326 nis,
231 3238 325 3337 gravi
344 3255 483 3337 urgente
501 3267 616 3314 eausa.
633 3241 800 3315 Nonnulla
814 3242 939 3341 profert
952 3241 1153 3339 Rigantius,
1168 3264 1262 3343 prae-

145 3353 258 3426 sertim
279 3380 359 3428 vero
386 3355 567 3430 Clementis
584 3358 640 3429 xl.
658 3358 717 3456 qui
735 3358 821 3431 duas
840 3357 1006 3430 eiusmodi
1034 3357 1261 3458 dispensatio

144 3489 204 3539 nes
227 3466 341 3554 dedit;
370 3470 508 3543 alteram
539 3472 595 3546 die
623 3474 680 3543 13.
709 3471 785 3542 Iulii
811 3498 866 3544 an.
890 3474 997 3544 1703.
1019 3472 1161 3545 alteram
1187 3494 1262 3547 vem

143 3579 200 3654 die
225 3583 259 3652 ll.
277 3580 419 3680 Augusti
446 3589 553 3659 1709.
570 3590 682 3682 (136).
702 3586 766 3672 Qui
786 3603 901 3660 auctor
926 3586 1064 3685 quidem
1091 3603 1183 3661 recte
1203 3585 1259 3660 ad-

141 3711 255 3773 monet
272 3723 432 3796 magnum
451 3700 616 3801 interponi
633 3702 815 3775 discrimen
834 3703 920 3776 inter
937 3702 1137 3776 affinitatem
1156 3721 1257 3777 ortam

140 3838 181 3884 ex
193 3813 344 3912 legitimo
362 3814 531 3911 coniugio,
543 3832 576 3889 et
588 3816 681 3890 illam
695 3844 783 3916 quae
798 3845 818 3892 a
832 3817 1068 3892 coniunctione
1082 3817 1257 3896 fornicaria

212 4067 277 4131 (tta)
292 4069 355 4121 lbid.
368 4084 392 4120 n.
402 4079 425 4122 a.

213 4146 279 4210 (tat)
292 4151 339 4214 Op.
350 4152 376 4201 at
386 4152 433 4203 loc.
445 4152 488 4202 cit.
501 4166 555 4217 cap.
569 4155 587 4203 1.
598 4166 623 4202 n.
634 4157 656 4203 7.

214 4226 280 4291 (1³5)
296 4229 360 4281 lbid.

210 4307 277 4373 (tta)
293 4312 340 4375 op.
355 4311 397 4363 clt.
410 4315 435 4363 iu
445 4315 523 4379 regul.
535 4317 620 4367 xle.
633 4329 659 4367 u.
671 4323 700 4367 28
709 4327 778 4379 seqq.
