<?xml version="1.0" encoding="UTF-8"?>
<!DOCTYPE html PUBLIC "-//W3C//DTD XHTML 1.0 Transitional//EN"
    "http://www.w3.org/TR/xhtml1/DTD/xhtml1-transitional.dtd">
<html xmlns="http://www.w3.org/1999/xhtml" xml:lang="en" lang="en">
 <head>
  <title>
</title>
<meta http-equiv="Content-Type" content="text/html;charset=utf-8" />
  <meta name='ocr-system' content='tesseract 3.04.00' />
  <meta name='ocr-capabilities' content='ocr_page ocr_carea ocr_par ocr_line ocrx_word'/>
</head>
<body>
  <div class='ocr_page' id='page_1' title='image "./dematrimoniochr02perrgoog_0250.png"; bbox 0 0 2804 5062; ppageno 0'>
   <div class='ocr_carea' id='block_1_1' title="bbox 169 350 1227 424">
    <p class='ocr_par' dir='ltr' id='par_1_1' title="bbox 169 350 1227 424">
     <span class='ocr_line' id='line_1_1' title="bbox 169 350 1227 424; baseline -0.003 -1"><span class='ocrx_word' id='word_1_1' title='bbox 169 366 1130 424; x_wconf 57' lang='lat' dir='ltr'><strong><em>me.runanarn.naenar.1nr.savnnanrrcinnanum.</em></strong></span> <span class='ocrx_word' id='word_1_2' title='bbox 1162 350 1227 421; x_wconf 77' lang='lat' dir='ltr'><strong><em>tet</em></strong></span> 
     </span>
    </p>
   </div>
   <div class='ocr_carea' id='block_1_2' title="bbox 124 488 1247 4395">
    <p class='ocr_par' dir='ltr' id='par_1_2' title="bbox 125 488 1240 1746">
     <span class='ocr_line' id='line_1_2' title="bbox 126 488 1235 588; baseline 0.001 -25"><span class='ocrx_word' id='word_1_3' title='bbox 126 490 430 576; x_wconf 79' lang='lat' dir='ltr'><strong><em>nllatrimonium,</em></strong></span> <span class='ocrx_word' id='word_1_4' title='bbox 458 489 501 562; x_wconf 87' lang='lat' dir='ltr'><strong><em>da</em></strong></span> <span class='ocrx_word' id='word_1_5' title='bbox 525 515 593 588; x_wconf 93' lang='lat' dir='ltr'><strong><em>quo</em></strong></span> <span class='ocrx_word' id='word_1_6' title='bbox 618 488 748 585; x_wconf 80' lang='lat' dir='ltr'><strong><em>agitur,</em></strong></span> <span class='ocrx_word' id='word_1_7' title='bbox 776 489 868 561; x_wconf 92' lang='lat' dir='ltr'><strong><em>iuxta</em></strong></span> <span class='ocrx_word' id='word_1_8' title='bbox 891 489 1045 586; x_wconf 88' lang='lat' dir='ltr'><strong><em>exposita</em></strong></span> <span class='ocrx_word' id='word_1_9' title='bbox 1062 514 1139 562; x_wconf 89' lang='lat' dir='ltr'><strong><em>esse</em></strong></span> <span class='ocrx_word' id='word_1_10' title='bbox 1160 493 1235 564; x_wconf 87' lang='lat' dir='ltr'><strong><em>nol-</em></strong></span> 
     </span>
     <span class='ocr_line' id='line_1_3' title="bbox 126 605 1236 703; baseline 0 -23"><span class='ocrx_word' id='word_1_11' title='bbox 126 608 206 693; x_wconf 86' lang='lat' dir='ltr'><strong><em>lum,</em></strong></span> <span class='ocrx_word' id='word_1_12' title='bbox 237 606 411 679; x_wconf 86' lang='lat' dir='ltr'><strong><em>dommodo</em></strong></span> <span class='ocrx_word' id='word_1_13' title='bbox 433 607 655 678; x_wconf 73' lang='lat' dir='ltr'><em>contrahentes</em></span> <span class='ocrx_word' id='word_1_14' title='bbox 673 605 784 703; x_wconf 87' lang='lat' dir='ltr'><strong><em>oliqoo</em></strong></span> <span class='ocrx_word' id='word_1_15' title='bbox 802 605 868 678; x_wconf 87' lang='lat' dir='ltr'><strong><em>olio</em></strong></span> <span class='ocrx_word' id='word_1_16' title='bbox 887 608 922 678; x_wconf 87' lang='lat' dir='ltr'><strong><em>io</em></strong></span> <span class='ocrx_word' id='word_1_17' title='bbox 940 606 1022 690; x_wconf 86' lang='lat' dir='ltr'><strong><em>loeo,</em></strong></span> <span class='ocrx_word' id='word_1_18' title='bbox 1044 607 1157 703; x_wconf 86' lang='lat' dir='ltr'><strong><em>inquo</em></strong></span> <span class='ocrx_word' id='word_1_19' title='bbox 1177 610 1236 680; x_wconf 84' lang='lat' dir='ltr'><strong><em>tri·</em></strong></span> 
     </span>
     <span class='ocr_line' id='line_1_4' title="bbox 126 721 1238 821; baseline -0.002 -25"><span class='ocrx_word' id='word_1_20' title='bbox 126 723 290 796; x_wconf 77' lang='lat' dir='ltr'><strong><em>lentinom</em></strong></span> <span class='ocrx_word' id='word_1_21' title='bbox 305 723 514 821; x_wconf 84' lang='lat' dir='ltr'><strong><em>publicatum</em></strong></span> <span class='ocrx_word' id='word_1_22' title='bbox 532 748 596 792; x_wconf 86' lang='lat' dir='ltr'><strong><em>ooo</em></strong></span> <span class='ocrx_word' id='word_1_23' title='bbox 615 721 697 818; x_wconf 80' lang='lat' dir='ltr'><strong><em>soit,</em></strong></span> <span class='ocrx_word' id='word_1_24' title='bbox 714 722 849 793; x_wconf 84' lang='lat' dir='ltr'><strong><em>scientes</em></strong></span> <span class='ocrx_word' id='word_1_25' title='bbox 861 722 1057 819; x_wconf 72' lang='lat' dir='ltr'><strong><em>parisiensis</em></strong></span> <span class='ocrx_word' id='word_1_26' title='bbox 1074 722 1238 794; x_wconf 86' lang='lat' dir='ltr'><strong><em>matrimo-</em></strong></span> 
     </span>
     <span class='ocr_line' id='line_1_5' title="bbox 126 835 1237 930; baseline -0.004 -19"><span class='ocrx_word' id='word_1_27' title='bbox 126 840 168 912; x_wconf 85' lang='lat' dir='ltr'><strong><em>nii</em></strong></span> <span class='ocrx_word' id='word_1_28' title='bbox 177 838 384 922; x_wconf 82' lang='lat' dir='ltr'><strong><em>nullitatem,</em></strong></span> <span class='ocrx_word' id='word_1_29' title='bbox 402 863 482 910; x_wconf 85' lang='lat' dir='ltr'><strong><em>novo</em></strong></span> <span class='ocrx_word' id='word_1_30' title='bbox 498 835 583 908; x_wconf 85' lang='lat' dir='ltr'><strong><em>illud</em></strong></span> <span class='ocrx_word' id='word_1_31' title='bbox 596 861 752 908; x_wconf 84' lang='lat' dir='ltr'><strong><em>consensu</em></strong></span> <span class='ocrx_word' id='word_1_32' title='bbox 767 863 832 907; x_wconf 85' lang='lat' dir='ltr'><strong><em>oon</em></strong></span> <span class='ocrx_word' id='word_1_33' title='bbox 848 835 1123 923; x_wconf 85' lang='lat' dir='ltr'><strong><em>renolidooerint,</em></strong></span> <span class='ocrx_word' id='word_1_34' title='bbox 1144 836 1237 930; x_wconf 71' lang='lat' dir='ltr'><strong><em>ld⁰⁰T</em></strong></span> 
     </span>
     <span class='ocr_line' id='line_1_6' title="bbox 126 950 1237 1056; baseline -0.002 -28"><span class='ocrx_word' id='word_1_35' title='bbox 126 980 184 1056; x_wconf 91' lang='lat' dir='ltr'><strong><em>que</em></strong></span> <span class='ocrx_word' id='word_1_36' title='bbox 211 953 301 1025; x_wconf 89' lang='lat' dir='ltr'><strong><em>nibil</em></strong></span> <span class='ocrx_word' id='word_1_37' title='bbox 321 953 477 1040; x_wconf 89' lang='lat' dir='ltr'><strong><em>obstare,</em></strong></span> <span class='ocrx_word' id='word_1_38' title='bbox 498 950 679 1052; x_wconf 88' lang='lat' dir='ltr'><strong>quominus</strong></span> <span class='ocrx_word' id='word_1_39' title='bbox 706 952 849 1038; x_wconf 79' lang='lat' dir='ltr'><strong><em>oratrix,</em></strong></span> <span class='ocrx_word' id='word_1_40' title='bbox 871 952 1008 1051; x_wconf 88' lang='lat' dir='ltr'><strong><em>praevia</em></strong></span> <span class='ocrx_word' id='word_1_41' title='bbox 1025 951 1237 1034; x_wconf 86' lang='lat' dir='ltr'><strong><em>absolutione</em></strong></span> 
     </span>
     <span class='ocr_line' id='line_1_7' title="bbox 126 1066 1238 1167; baseline -0.003 -23"><span class='ocrx_word' id='word_1_42' title='bbox 126 1069 336 1156; x_wconf 84' lang='lat' dir='ltr'><strong><em>neensuris,</em></strong></span> <span class='ocrx_word' id='word_1_43' title='bbox 360 1084 395 1141; x_wconf 90' lang='lat' dir='ltr'><strong><em>et</em></strong></span> <span class='ocrx_word' id='word_1_44' title='bbox 416 1067 585 1167; x_wconf 76' lang='lat' dir='ltr'><strong><em>impositis</em></strong></span> <span class='ocrx_word' id='word_1_45' title='bbox 606 1066 821 1166; x_wconf 90' lang='lat' dir='ltr'><strong><em>poenitentiis</em></strong></span> <span class='ocrx_word' id='word_1_46' title='bbox 847 1066 1070 1155; x_wconf 88' lang='lat' dir='ltr'><strong><em>salutaribus,</em></strong></span> <span class='ocrx_word' id='word_1_47' title='bbox 1091 1067 1136 1141; x_wconf 91' lang='lat' dir='ltr'><strong><em>ad</em></strong></span> <span class='ocrx_word' id='word_1_48' title='bbox 1152 1066 1238 1141; x_wconf 89' lang='lat' dir='ltr'><strong><em>alias</em></strong></span> 
     </span>
     <span class='ocr_line' id='line_1_8' title="bbox 126 1172 1238 1284; baseline -0.001 -27"><span class='ocrx_word' id='word_1_49' title='bbox 126 1184 257 1284; x_wconf 80' lang='lat' dir='ltr'><strong><em>nuptias</em></strong></span> <span class='ocrx_word' id='word_1_50' title='bbox 285 1183 376 1256; x_wconf 87' lang='lat' dir='ltr'><strong><em>licite</em></strong></span> <span class='ocrx_word' id='word_1_51' title='bbox 393 1207 433 1255; x_wconf 90' lang='lat' dir='ltr'><strong><em>ac</em></strong></span> <span class='ocrx_word' id='word_1_52' title='bbox 449 1179 561 1255; x_wconf 87' lang='lat' dir='ltr'><strong><em>valide</em></strong></span> <span class='ocrx_word' id='word_1_53' title='bbox 587 1181 732 1255; x_wconf 89' lang='lat' dir='ltr'><strong><em>transire</em></strong></span> <span class='ocrx_word' id='word_1_54' title='bbox 755 1172 902 1255; x_wconf 74' lang='lat' dir='ltr'><strong><em>valeat&#39;n</em></strong></span> <span class='ocrx_word' id='word_1_55' title='bbox 919 1181 1007 1279; x_wconf 80' lang='lat' dir='ltr'><strong><em>Ergo</em></strong></span> <span class='ocrx_word' id='word_1_56' title='bbox 1031 1207 1092 1282; x_wconf 88' lang='lat' dir='ltr'><strong><em>per</em></strong></span> <span class='ocrx_word' id='word_1_57' title='bbox 1116 1207 1238 1256; x_wconf 80' lang='lat' dir='ltr'><strong><em>novum</em></strong></span> 
     </span>
     <span class='ocr_line' id='line_1_9' title="bbox 126 1295 1239 1399; baseline -0.003 -24"><span class='ocrx_word' id='word_1_58' title='bbox 126 1325 347 1386; x_wconf 73' lang='lat' dir='ltr'><strong><em>nemausum,</em></strong></span> <span class='ocrx_word' id='word_1_59' title='bbox 369 1299 428 1399; x_wconf 92' lang='lat' dir='ltr'><strong><em>qui</em></strong></span> <span class='ocrx_word' id='word_1_60' title='bbox 443 1299 486 1371; x_wconf 89' lang='lat' dir='ltr'><strong><em>iis</em></strong></span> <span class='ocrx_word' id='word_1_61' title='bbox 499 1299 534 1370; x_wconf 91' lang='lat' dir='ltr'><strong><em>in</em></strong></span> <span class='ocrx_word' id='word_1_62' title='bbox 549 1296 632 1371; x_wconf 92' lang='lat' dir='ltr'><strong><em>locis</em></strong></span> <span class='ocrx_word' id='word_1_63' title='bbox 651 1297 823 1397; x_wconf 90' lang='lat' dir='ltr'><strong><em>inquibus</em></strong></span> <span class='ocrx_word' id='word_1_64' title='bbox 843 1295 1051 1398; x_wconf 87' lang='lat' dir='ltr'><strong><em>praedictum</em></strong></span> <span class='ocrx_word' id='word_1_65' title='bbox 1069 1297 1239 1372; x_wconf 89' lang='lat' dir='ltr'><strong><em>decretum</em></strong></span> 
     </span>
     <span class='ocr_line' id='line_1_10' title="bbox 126 1413 1235 1515; baseline -0.002 -25"><span class='ocrx_word' id='word_1_66' title='bbox 126 1416 341 1491; x_wconf 86' lang='lat' dir='ltr'><strong><em>tridentinum</em></strong></span> <span class='ocrx_word' id='word_1_67' title='bbox 368 1414 578 1515; x_wconf 91' lang='lat' dir='ltr'><strong><em>publicatum</em></strong></span> <span class='ocrx_word' id='word_1_68' title='bbox 598 1441 663 1490; x_wconf 92' lang='lat' dir='ltr'><strong><em>non</em></strong></span> <span class='ocrx_word' id='word_1_69' title='bbox 682 1431 735 1488; x_wconf 90' lang='lat' dir='ltr'><strong><em>est</em></strong></span> <span class='ocrx_word' id='word_1_70' title='bbox 752 1440 864 1488; x_wconf 90' lang='lat' dir='ltr'><strong><em>ceram</em></strong></span> <span class='ocrx_word' id='word_1_71' title='bbox 882 1413 1050 1488; x_wconf 88' lang='lat' dir='ltr'><strong><em>haeretico</em></strong></span> <span class='ocrx_word' id='word_1_72' title='bbox 1067 1413 1235 1508; x_wconf 87' lang='lat' dir='ltr'><strong><em>ministre,</em></strong></span> 
     </span>
     <span class='ocr_line' id='line_1_11' title="bbox 126 1530 1240 1633; baseline -0.004 -26"><span class='ocrx_word' id='word_1_73' title='bbox 126 1550 178 1607; x_wconf 81' lang='lat' dir='ltr'><strong><em>unt</em></strong></span> <span class='ocrx_word' id='word_1_74' title='bbox 195 1531 334 1633; x_wconf 87' lang='lat' dir='ltr'><strong><em>publico</em></strong></span> <span class='ocrx_word' id='word_1_75' title='bbox 351 1534 550 1630; x_wconf 81' lang='lat' dir='ltr'><strong><em>magistratu</em></strong></span> <span class='ocrx_word' id='word_1_76' title='bbox 570 1530 789 1630; x_wconf 84' lang='lat' dir='ltr'>praebeatur,</span> <span class='ocrx_word' id='word_1_77' title='bbox 810 1530 1062 1605; x_wconf 79' lang='lat' dir='ltr'><strong><em>matrimonium</em></strong></span> <span class='ocrx_word' id='word_1_78' title='bbox 1080 1530 1176 1630; x_wconf 87' lang='lat' dir='ltr'><strong><em>prius</em></strong></span> <span class='ocrx_word' id='word_1_79' title='bbox 1194 1530 1240 1603; x_wconf 93' lang='lat' dir='ltr'><strong><em>ir-</em></strong></span> 
     </span>
     <span class='ocr_line' id='line_1_12' title="bbox 125 1646 658 1746; baseline -0.009 -25"><span class='ocrx_word' id='word_1_80' title='bbox 125 1647 246 1733; x_wconf 80' lang='lat' dir='ltr'><strong><em>ritum,</em></strong></span> <span class='ocrx_word' id='word_1_81' title='bbox 267 1646 418 1721; x_wconf 87' lang='lat' dir='ltr'><strong><em>validum</em></strong></span> <span class='ocrx_word' id='word_1_82' title='bbox 442 1646 514 1718; x_wconf 87' lang='lat' dir='ltr'><strong><em>lieri</em></strong></span> <span class='ocrx_word' id='word_1_83' title='bbox 537 1661 658 1746; x_wconf 89' lang='lat' dir='ltr'><strong><em>potest.</em></strong></span> 
     </span>
    </p>

    <p class='ocr_par' dir='ltr' id='par_1_3' title="bbox 124 1758 1245 3575">
     <span class='ocr_line' id='line_1_13' title="bbox 194 1758 1239 1857; baseline -0.001 -23"><span class='ocrx_word' id='word_1_84' title='bbox 194 1763 340 1836; x_wconf 84' lang='lat' dir='ltr'><strong><em>Rursum</em></strong></span> <span class='ocrx_word' id='word_1_85' title='bbox 371 1760 416 1834; x_wconf 90' lang='lat' dir='ltr'><strong><em>ab</em></strong></span> <span class='ocrx_word' id='word_1_86' title='bbox 444 1762 562 1834; x_wconf 89' lang='lat' dir='ltr'><strong><em>eadem</em></strong></span> <span class='ocrx_word' id='word_1_87' title='bbox 588 1786 686 1834; x_wconf 88' lang='lat' dir='ltr'><strong><em>sacra</em></strong></span> <span class='ocrx_word' id='word_1_88' title='bbox 714 1785 887 1857; x_wconf 83' lang='lat' dir='ltr'><strong><em>congreg.,</em></strong></span> <span class='ocrx_word' id='word_1_89' title='bbox 912 1758 1077 1857; x_wconf 81' lang='lat' dir='ltr'><strong><em>probante</em></strong></span> <span class='ocrx_word' id='word_1_90' title='bbox 1107 1783 1239 1833; x_wconf 90' lang='lat' dir='ltr'><strong><em>summo</em></strong></span> 
     </span>
     <span class='ocr_line' id='line_1_14' title="bbox 125 1873 1242 1977; baseline -0.004 -25"><span class='ocrx_word' id='word_1_91' title='bbox 125 1876 300 1977; x_wconf 81' lang='lat' dir='ltr'><strong><em>pontifice,</em></strong></span> <span class='ocrx_word' id='word_1_92' title='bbox 323 1876 357 1949; x_wconf 92' lang='lat' dir='ltr'><strong><em>in</em></strong></span> <span class='ocrx_word' id='word_1_93' title='bbox 376 1876 450 1976; x_wconf 93' lang='lat' dir='ltr'><strong><em>pari</em></strong></span> <span class='ocrx_word' id='word_1_94' title='bbox 477 1903 559 1951; x_wconf 90' lang='lat' dir='ltr'><strong><em>casu</em></strong></span> <span class='ocrx_word' id='word_1_95' title='bbox 583 1876 668 1950; x_wconf 87' lang='lat' dir='ltr'><strong><em>haec</em></strong></span> <span class='ocrx_word' id='word_1_96' title='bbox 684 1876 763 1949; x_wconf 90' lang='lat' dir='ltr'><strong><em>data</em></strong></span> <span class='ocrx_word' id='word_1_97' title='bbox 779 1892 832 1949; x_wconf 92' lang='lat' dir='ltr'><strong><em>est</em></strong></span> <span class='ocrx_word' id='word_1_98' title='bbox 849 1873 1009 1947; x_wconf 84' lang='lat' dir='ltr'><strong><em>resolutio</em></strong></span> <span class='ocrx_word' id='word_1_99' title='bbox 1025 1873 1081 1946; x_wconf 91' lang='lat' dir='ltr'><strong><em>die</em></strong></span> <span class='ocrx_word' id='word_1_100' title='bbox 1100 1875 1159 1945; x_wconf 94' lang='grc'><strong><em>13.</em></strong></span> <span class='ocrx_word' id='word_1_101' title='bbox 1176 1873 1242 1947; x_wconf 82' lang='lat' dir='ltr'><strong><em>dn·</em></strong></span> 
     </span>
     <span class='ocr_line' id='line_1_15' title="bbox 125 1989 1239 2093; baseline -0.006 -25"><span class='ocrx_word' id='word_1_102' title='bbox 125 1994 212 2093; x_wconf 75' lang='lat' dir='ltr'><strong><em>gusti</em></strong></span> <span class='ocrx_word' id='word_1_103' title='bbox 245 1995 353 2066; x_wconf 78' lang='grc'><strong>1819.</strong></span> <span class='ocrx_word' id='word_1_104' title='bbox 379 2023 396 2061; x_wconf 82' lang='lat' dir='ltr'><strong><em>o</em></strong></span> <span class='ocrx_word' id='word_1_105' title='bbox 418 1993 582 2066; x_wconf 90' lang='lat' dir='ltr'><strong><em>Sanctiss.</em></strong></span> <span class='ocrx_word' id='word_1_106' title='bbox 604 2008 668 2067; x_wconf 89' lang='lat' dir='ltr'><strong><em>etc.</em></strong></span> <span class='ocrx_word' id='word_1_107' title='bbox 690 1991 805 2066; x_wconf 90' lang='lat' dir='ltr'><strong><em>audito</em></strong></span> <span class='ocrx_word' id='word_1_108' title='bbox 829 1997 979 2065; x_wconf 74' lang='lat' dir='ltr'><strong><em>amorum</em></strong></span> <span class='ocrx_word' id='word_1_109' title='bbox 1002 1989 1239 2090; x_wconf 88' lang='lat' dir='ltr'><strong><em>inquisitorum</em></strong></span> 
     </span>
     <span class='ocr_line' id='line_1_16' title="bbox 125 2105 1241 2208; baseline -0.002 -26"><span class='ocrx_word' id='word_1_110' title='bbox 125 2107 332 2208; x_wconf 65' lang='lat' dir='ltr'><strong><em>personalium</em></strong></span> <span class='ocrx_word' id='word_1_111' title='bbox 357 2108 542 2206; x_wconf 75' lang='lat' dir='ltr'><strong><em>suffragio,</em></strong></span> <span class='ocrx_word' id='word_1_112' title='bbox 563 2134 603 2181; x_wconf 91' lang='lat' dir='ltr'><strong><em>ac</em></strong></span> <span class='ocrx_word' id='word_1_113' title='bbox 621 2108 782 2181; x_wconf 79' lang='lat' dir='ltr'><strong><em>referente</em></strong></span> <span class='ocrx_word' id='word_1_114' title='bbox 803 2133 857 2179; x_wconf 91' lang='lat' dir='ltr'><strong><em>me</em></strong></span> <span class='ocrx_word' id='word_1_115' title='bbox 883 2105 1097 2204; x_wconf 81' lang='lat' dir='ltr'><strong><em>infrascripto</em></strong></span> <span class='ocrx_word' id='word_1_116' title='bbox 1122 2130 1241 2204; x_wconf 90' lang='lat' dir='ltr'><strong><em>supre-</em></strong></span> 
     </span>
     <span class='ocr_line' id='line_1_17' title="bbox 125 2220 1241 2323; baseline -0.004 -25"><span class='ocrx_word' id='word_1_117' title='bbox 125 2249 197 2298; x_wconf 86' lang='lat' dir='ltr'><strong><em>mae</em></strong></span> <span class='ocrx_word' id='word_1_118' title='bbox 223 2222 457 2323; x_wconf 89' lang='lat' dir='ltr'><strong><em>inquisitionis</em></strong></span> <span class='ocrx_word' id='word_1_119' title='bbox 483 2249 673 2310; x_wconf 81' lang='lat' dir='ltr'><strong><em>assessore,</em></strong></span> <span class='ocrx_word' id='word_1_120' title='bbox 698 2223 732 2294; x_wconf 90' lang='lat' dir='ltr'><strong><em>in</em></strong></span> <span class='ocrx_word' id='word_1_121' title='bbox 757 2248 840 2296; x_wconf 91' lang='lat' dir='ltr'><strong><em>casu</em></strong></span> <span class='ocrx_word' id='word_1_122' title='bbox 856 2221 899 2294; x_wconf 91' lang='lat' dir='ltr'><strong><em>de</em></strong></span> <span class='ocrx_word' id='word_1_123' title='bbox 916 2247 984 2322; x_wconf 92' lang='lat' dir='ltr'><strong><em>quo</em></strong></span> <span class='ocrx_word' id='word_1_124' title='bbox 1001 2221 1127 2318; x_wconf 82' lang='lat' dir='ltr'><strong><em>agitur,</em></strong></span> <span class='ocrx_word' id='word_1_125' title='bbox 1150 2220 1241 2295; x_wconf 77' lang='lat' dir='ltr'><strong><em>man&#39;·</em></strong></span> 
     </span>
     <span class='ocr_line' id='line_1_18' title="bbox 125 2335 1239 2437; baseline -0.003 -25"><span class='ocrx_word' id='word_1_126' title='bbox 125 2337 216 2412; x_wconf 82' lang='lat' dir='ltr'><strong><em>davit</em></strong></span> <span class='ocrx_word' id='word_1_127' title='bbox 241 2337 402 2411; x_wconf 88' lang='lat' dir='ltr'><strong><em>rescribi:</em></strong></span> <span class='ocrx_word' id='word_1_128' title='bbox 424 2337 839 2437; x_wconf 61' lang='lat' dir='ltr'><strong><em>summaeripae,</em></strong></span> <span class='ocrx_word' id='word_1_129' title='bbox 861 2335 945 2410; x_wconf 89' lang='lat' dir='ltr'><strong><em>satis</em></strong></span> <span class='ocrx_word' id='word_1_130' title='bbox 966 2351 1139 2422; x_wconf 79' lang='lat' dir='ltr'><strong><em>constare,</em></strong></span> <span class='ocrx_word' id='word_1_131' title='bbox 1167 2360 1239 2409; x_wconf 85' lang='lat' dir='ltr'><strong><em>ma·</em></strong></span> 
     </span>
     <span class='ocr_line' id='line_1_19' title="bbox 125 2451 1239 2554; baseline -0.004 -26"><span class='ocrx_word' id='word_1_132' title='bbox 125 2453 317 2528; x_wconf 86' lang='lat' dir='ltr'><strong><em>trimonium</em></strong></span> <span class='ocrx_word' id='word_1_133' title='bbox 342 2452 433 2554; x_wconf 92' lang='lat' dir='ltr'><strong><em>quod</em></strong></span> <span class='ocrx_word' id='word_1_134' title='bbox 463 2478 553 2527; x_wconf 90' lang='lat' dir='ltr'><strong><em>anno</em></strong></span> <span class='ocrx_word' id='word_1_135' title='bbox 583 2455 690 2525; x_wconf 79' lang='lat'><strong><em>1832.</em></strong></span> <span class='ocrx_word' id='word_1_136' title='bbox 716 2452 882 2527; x_wconf 88' lang='lat' dir='ltr'><strong><em>catholica</em></strong></span> <span class='ocrx_word' id='word_1_137' title='bbox 907 2453 948 2524; x_wconf 92' lang='lat' dir='ltr'><strong><em>N.</em></strong></span> <span class='ocrx_word' id='word_1_138' title='bbox 971 2451 1136 2524; x_wconf 80' lang='lat' dir='ltr'><strong><em>contraxit</em></strong></span> <span class='ocrx_word' id='word_1_139' title='bbox 1163 2464 1239 2546; x_wconf 85' lang='lat' dir='ltr'><strong><em>oum</em></strong></span> 
     </span>
     <span class='ocr_line' id='line_1_20' title="bbox 125 2566 1241 2670; baseline -0.004 -26"><span class='ocrx_word' id='word_1_140' title='bbox 125 2568 194 2644; x_wconf 79' lang='lat' dir='ltr'><strong><em>tiro</em></strong></span> <span class='ocrx_word' id='word_1_141' title='bbox 219 2584 427 2668; x_wconf 89' lang='lat' dir='ltr'><strong><em>protestante</em></strong></span> <span class='ocrx_word' id='word_1_142' title='bbox 443 2571 485 2640; x_wconf 91' lang='lat' dir='ltr'><strong><em>N.</em></strong></span> <span class='ocrx_word' id='word_1_143' title='bbox 503 2569 577 2642; x_wconf 87' lang='lat' dir='ltr'><strong><em>sine</em></strong></span> <span class='ocrx_word' id='word_1_144' title='bbox 595 2568 784 2670; x_wconf 88' lang='lat' dir='ltr'><strong><em>praesentia</em></strong></span> <span class='ocrx_word' id='word_1_145' title='bbox 802 2567 941 2668; x_wconf 84' lang='lat' dir='ltr'><strong><em>parochi</em></strong></span> <span class='ocrx_word' id='word_1_146' title='bbox 960 2566 1241 2642; x_wconf 48' lang='lat' dir='ltr'><strong><em>catholici‘luisse</em></strong></span> 
     </span>
     <span class='ocr_line' id='line_1_21' title="bbox 125 2681 1243 2784; baseline -0.004 -28"><span class='ocrx_word' id='word_1_147' title='bbox 125 2682 261 2759; x_wconf 86' lang='lat' dir='ltr'><strong><em>nullitar</em></strong></span> <span class='ocrx_word' id='word_1_148' title='bbox 289 2699 513 2770; x_wconf 91' lang='lat' dir='ltr'><strong><em>contractum,</em></strong></span> <span class='ocrx_word' id='word_1_149' title='bbox 546 2709 587 2756; x_wconf 91' lang='lat' dir='ltr'><strong><em>ac</em></strong></span> <span class='ocrx_word' id='word_1_150' title='bbox 616 2681 775 2784; x_wconf 88' lang='lat' dir='ltr'><strong><em>proinde,</em></strong></span> <span class='ocrx_word' id='word_1_151' title='bbox 800 2685 834 2754; x_wconf 89' lang='lat' dir='ltr'><strong><em>si</em></strong></span> <span class='ocrx_word' id='word_1_152' title='bbox 861 2681 947 2755; x_wconf 86' lang='lat' dir='ltr'><strong><em>illud</em></strong></span> <span class='ocrx_word' id='word_1_153' title='bbox 975 2707 1151 2780; x_wconf 74' lang='lat' dir='ltr'><strong><em>nonquam</em></strong></span> <span class='ocrx_word' id='word_1_154' title='bbox 1176 2681 1243 2780; x_wconf 74' lang='lat' dir='ltr'><strong><em>soit</em></strong></span> 
     </span>
     <span class='ocr_line' id='line_1_22' title="bbox 125 2794 1242 2896; baseline -0.004 -24"><span class='ocrx_word' id='word_1_155' title='bbox 125 2795 370 2880; x_wconf 74' lang='lat' dir='ltr'><strong><em>resolidatam,</em></strong></span> <span class='ocrx_word' id='word_1_156' title='bbox 401 2822 503 2896; x_wconf 90' lang='lat' dir='ltr'><strong><em>posse</em></strong></span> <span class='ocrx_word' id='word_1_157' title='bbox 530 2797 682 2870; x_wconf 90' lang='lat' dir='ltr'><strong><em>eamdem</em></strong></span> <span class='ocrx_word' id='word_1_158' title='bbox 705 2797 745 2868; x_wconf 90' lang='lat' dir='ltr'><strong><em>N.</em></strong></span> <span class='ocrx_word' id='word_1_159' title='bbox 768 2797 912 2870; x_wconf 86' lang='lat' dir='ltr'><strong><em>transire</em></strong></span> <span class='ocrx_word' id='word_1_160' title='bbox 937 2795 981 2869; x_wconf 91' lang='lat' dir='ltr'><strong><em>ad</em></strong></span> <span class='ocrx_word' id='word_1_161' title='bbox 1000 2794 1085 2869; x_wconf 85' lang='lat' dir='ltr'><strong><em>alias</em></strong></span> <span class='ocrx_word' id='word_1_162' title='bbox 1106 2795 1242 2896; x_wconf 84' lang='lat' dir='ltr'><strong><em>nuptias</em></strong></span> 
     </span>
     <span class='ocr_line' id='line_1_23' title="bbox 125 2907 1242 2996; baseline -0.003 -10"><span class='ocrx_word' id='word_1_163' title='bbox 125 2937 198 2986; x_wconf 88' lang='lat' dir='ltr'><strong><em>num</em></strong></span> <span class='ocrx_word' id='word_1_164' title='bbox 220 2910 297 2984; x_wconf 83' lang='lat' dir='ltr'><strong><em>viro</em></strong></span> <span class='ocrx_word' id='word_1_165' title='bbox 314 2924 425 2982; x_wconf 91' lang='lat' dir='ltr'><strong><em>tamen</em></strong></span> <span class='ocrx_word' id='word_1_166' title='bbox 444 2909 630 2996; x_wconf 90' lang='lat' dir='ltr'><strong><em>catholico,</em></strong></span> <span class='ocrx_word' id='word_1_167' title='bbox 651 2909 834 2984; x_wconf 93' lang='lat' dir='ltr'><strong><em>dummodo</em></strong></span> <span class='ocrx_word' id='word_1_168' title='bbox 851 2909 982 2983; x_wconf 91' lang='lat' dir='ltr'><strong><em>nullum</em></strong></span> <span class='ocrx_word' id='word_1_169' title='bbox 1008 2907 1101 2984; x_wconf 88' lang='lat' dir='ltr'><strong><em>aliud</em></strong></span> <span class='ocrx_word' id='word_1_170' title='bbox 1131 2908 1242 2984; x_wconf 87' lang='lat' dir='ltr'><strong><em>obstet</em></strong></span> 
     </span>
     <span class='ocr_line' id='line_1_24' title="bbox 124 3023 1243 3127; baseline -0.003 -27"><span class='ocrx_word' id='word_1_171' title='bbox 124 3025 421 3127; x_wconf 88' lang='lat' dir='ltr'><strong><em>impedimentum,</em></strong></span> <span class='ocrx_word' id='word_1_172' title='bbox 438 3025 575 3123; x_wconf 82' lang='lat' dir='ltr'><strong><em>praevia</em></strong></span> <span class='ocrx_word' id='word_1_173' title='bbox 592 3042 682 3099; x_wconf 79' lang='lat' dir='ltr'><strong><em>etc.»</em></strong></span> <span class='ocrx_word' id='word_1_174' title='bbox 695 3026 821 3099; x_wconf 89' lang='lat' dir='ltr'><strong><em>Eadem</em></strong></span> <span class='ocrx_word' id='word_1_175' title='bbox 840 3052 938 3126; x_wconf 91' lang='lat' dir='ltr'><strong><em>porro</em></strong></span> <span class='ocrx_word' id='word_1_176' title='bbox 955 3040 1008 3099; x_wconf 92' lang='lat' dir='ltr'><strong><em>est</em></strong></span> <span class='ocrx_word' id='word_1_177' title='bbox 1025 3023 1109 3098; x_wconf 92' lang='lat' dir='ltr'><strong><em>ratio</em></strong></span> <span class='ocrx_word' id='word_1_178' title='bbox 1126 3023 1243 3098; x_wconf 86' lang='lat' dir='ltr'><strong><em>eoniu-</em></strong></span> 
     </span>
     <span class='ocr_line' id='line_1_25' title="bbox 125 3138 1243 3241; baseline -0.004 -25"><span class='ocrx_word' id='word_1_179' title='bbox 125 3143 279 3241; x_wconf 71' lang='lat' dir='ltr'><strong><em>giorum,</em></strong></span> <span class='ocrx_word' id='word_1_180' title='bbox 301 3166 388 3241; x_wconf 90' lang='lat' dir='ltr'><strong><em>quae</em></strong></span> <span class='ocrx_word' id='word_1_181' title='bbox 407 3140 568 3214; x_wconf 90' lang='lat' dir='ltr'><strong><em>haeretici</em></strong></span> <span class='ocrx_word' id='word_1_182' title='bbox 586 3142 674 3214; x_wconf 86' lang='lat' dir='ltr'><strong><em>inter</em></strong></span> <span class='ocrx_word' id='word_1_183' title='bbox 691 3169 728 3216; x_wconf 91' lang='lat' dir='ltr'><strong><em>se</em></strong></span> <span class='ocrx_word' id='word_1_184' title='bbox 750 3141 784 3213; x_wconf 91' lang='lat' dir='ltr'><strong><em>in</em></strong></span> <span class='ocrx_word' id='word_1_185' title='bbox 802 3141 924 3214; x_wconf 89' lang='lat' dir='ltr'><strong><em>iisdem</em></strong></span> <span class='ocrx_word' id='word_1_186' title='bbox 942 3165 1053 3212; x_wconf 91' lang='lat' dir='ltr'><strong><em>rerum</em></strong></span> <span class='ocrx_word' id='word_1_187' title='bbox 1074 3138 1243 3212; x_wconf 90' lang='lat' dir='ltr'><strong><em>adiunctis</em></strong></span> 
     </span>
     <span class='ocr_line' id='line_1_26' title="bbox 125 3253 1243 3356; baseline -0.006 -24"><span class='ocrx_word' id='word_1_188' title='bbox 125 3258 267 3345; x_wconf 87' lang='lat' dir='ltr'><strong><em>inirent,</em></strong></span> <span class='ocrx_word' id='word_1_189' title='bbox 292 3273 394 3356; x_wconf 90' lang='lat' dir='ltr'><strong><em>atque</em></strong></span> <span class='ocrx_word' id='word_1_190' title='bbox 416 3257 647 3354; x_wconf 80' lang='lat' dir='ltr'><strong><em>coniugiorum</em></strong></span> <span class='ocrx_word' id='word_1_191' title='bbox 669 3257 864 3343; x_wconf 82' lang='lat' dir='ltr'><strong><em>mixtorum3</em></strong></span> <span class='ocrx_word' id='word_1_192' title='bbox 885 3255 1039 3354; x_wconf 90' lang='lat' dir='ltr'><strong><em>adeoque</em></strong></span> <span class='ocrx_word' id='word_1_193' title='bbox 1059 3254 1090 3328; x_wconf 87' lang='lat' dir='ltr'><strong><em>si</em></strong></span> <span class='ocrx_word' id='word_1_194' title='bbox 1110 3253 1243 3327; x_wconf 91' lang='lat' dir='ltr'><strong><em>illorum</em></strong></span> 
     </span>
     <span class='ocr_line' id='line_1_27' title="bbox 126 3367 1245 3476; baseline -0.005 -29"><span class='ocrx_word' id='word_1_195' title='bbox 126 3375 264 3476; x_wconf 86' lang='lat' dir='ltr'><strong><em>nuptiae</em></strong></span> <span class='ocrx_word' id='word_1_196' title='bbox 288 3372 412 3446; x_wconf 86' lang='lat' dir='ltr'><strong><em>luerint</em></strong></span> <span class='ocrx_word' id='word_1_197' title='bbox 438 3372 666 3461; x_wconf 88' lang='lat' dir='ltr'><strong><em>instauratae,</em></strong></span> <span class='ocrx_word' id='word_1_198' title='bbox 685 3372 744 3445; x_wconf 89' lang='lat' dir='ltr'><strong><em>ubi</em></strong></span> <span class='ocrx_word' id='word_1_199' title='bbox 763 3397 947 3472; x_wconf 86' lang='lat' dir='ltr'><strong><em>numquam</em></strong></span> <span class='ocrx_word' id='word_1_200' title='bbox 963 3370 1071 3467; x_wconf 79' lang='lat' dir='ltr'><strong><em>viguit</em></strong></span> <span class='ocrx_word' id='word_1_201' title='bbox 1093 3367 1245 3443; x_wconf 88' lang='lat' dir='ltr'><strong><em>tridenti-</em></strong></span> 
     </span>
     <span class='ocr_line' id='line_1_28' title="bbox 127 3485 989 3575; baseline -0.008 -12"><span class='ocrx_word' id='word_1_202' title='bbox 127 3515 204 3563; x_wconf 91' lang='lat' dir='ltr'><strong><em>num</em></strong></span> <span class='ocrx_word' id='word_1_203' title='bbox 228 3487 419 3575; x_wconf 89' lang='lat' dir='ltr'><strong><em>decretum,</em></strong></span> <span class='ocrx_word' id='word_1_204' title='bbox 439 3515 500 3562; x_wconf 90' lang='lat' dir='ltr'><strong><em>eae</em></strong></span> <span class='ocrx_word' id='word_1_205' title='bbox 518 3487 653 3561; x_wconf 85' lang='lat' dir='ltr'><strong><em>validae</em></strong></span> <span class='ocrx_word' id='word_1_206' title='bbox 671 3505 769 3562; x_wconf 90' lang='lat' dir='ltr'><strong><em>erunt</em></strong></span> <span class='ocrx_word' id='word_1_207' title='bbox 786 3485 989 3560; x_wconf 87' lang='lat' dir='ltr'><strong><em>censendae.</em></strong></span> 
     </span>
    </p>

    <p class='ocr_par' dir='ltr' id='par_1_4' title="bbox 125 3601 1247 4395">
     <span class='ocr_line' id='line_1_29' title="bbox 196 3601 1245 3704; baseline -0.002 -28"><span class='ocrx_word' id='word_1_208' title='bbox 196 3605 311 3677; x_wconf 82' lang='lat' dir='ltr'><strong><em>Tertio</em></strong></span> <span class='ocrx_word' id='word_1_209' title='bbox 336 3605 669 3679; x_wconf 86' lang='lat' dir='ltr'><strong><em>animadvertendum</em></strong></span> <span class='ocrx_word' id='word_1_210' title='bbox 696 3620 764 3692; x_wconf 88' lang='lat' dir='ltr'><strong><em>est,</em></strong></span> <span class='ocrx_word' id='word_1_211' title='bbox 792 3601 1076 3704; x_wconf 90' lang='lat' dir='ltr'><strong><em>quemadmodum</em></strong></span> <span class='ocrx_word' id='word_1_212' title='bbox 1098 3601 1166 3674; x_wconf 88' lang='lat' dir='ltr'><strong><em>iam</em></strong></span> <span class='ocrx_word' id='word_1_213' title='bbox 1193 3601 1245 3674; x_wconf 89' lang='lat' dir='ltr'><strong><em>in-</em></strong></span> 
     </span>
     <span class='ocr_line' id='line_1_30' title="bbox 126 3716 1245 3819; baseline -0.006 -26"><span class='ocrx_word' id='word_1_214' title='bbox 126 3722 281 3807; x_wconf 89' lang='lat' dir='ltr'><strong><em>nuimus,</em></strong></span> <span class='ocrx_word' id='word_1_215' title='bbox 312 3736 413 3819; x_wconf 90' lang='lat' dir='ltr'><strong><em>atque</em></strong></span> <span class='ocrx_word' id='word_1_216' title='bbox 432 3748 472 3792; x_wconf 89' lang='lat' dir='ltr'><strong><em>ex</em></strong></span> <span class='ocrx_word' id='word_1_217' title='bbox 490 3720 590 3793; x_wconf 91' lang='lat' dir='ltr'><strong><em>dictis</em></strong></span> <span class='ocrx_word' id='word_1_218' title='bbox 609 3720 697 3793; x_wconf 87' lang='lat' dir='ltr'><strong><em>clarc</em></strong></span> <span class='ocrx_word' id='word_1_219' title='bbox 715 3719 900 3816; x_wconf 79' lang='lat' dir='ltr'><strong><em>colligitur,</em></strong></span> <span class='ocrx_word' id='word_1_220' title='bbox 929 3716 1119 3814; x_wconf 82' lang='lat' dir='ltr'><strong><em>generalem</em></strong></span> <span class='ocrx_word' id='word_1_221' title='bbox 1146 3742 1245 3813; x_wconf 80' lang='lat' dir='ltr'><strong><em>regu-</em></strong></span> 
     </span>
     <span class='ocr_line' id='line_1_31' title="bbox 126 3829 1246 3935; baseline -0.005 -27"><span class='ocrx_word' id='word_1_222' title='bbox 126 3834 213 3924; x_wconf 90' lang='lat' dir='ltr'><strong><em>lam,</em></strong></span> <span class='ocrx_word' id='word_1_223' title='bbox 244 3861 314 3935; x_wconf 92' lang='lat' dir='ltr'><strong><em>qua</em></strong></span> <span class='ocrx_word' id='word_1_224' title='bbox 340 3834 551 3910; x_wconf 89' lang='lat' dir='ltr'><strong><em>clandestina</em></strong></span> <span class='ocrx_word' id='word_1_225' title='bbox 573 3836 787 3909; x_wconf 89' lang='lat' dir='ltr'><strong><em>matrimonia</em></strong></span> <span class='ocrx_word' id='word_1_226' title='bbox 813 3832 1056 3906; x_wconf 88' lang='lat' dir='ltr'><strong><em>haeretieorum</em></strong></span> <span class='ocrx_word' id='word_1_227' title='bbox 1083 3846 1117 3904; x_wconf 88' lang='lat' dir='ltr'><strong><em>et</em></strong></span> <span class='ocrx_word' id='word_1_228' title='bbox 1142 3829 1246 3903; x_wconf 86' lang='lat' dir='ltr'><strong><em>mixta</em></strong></span> 
     </span>
     <span class='ocr_line' id='line_1_32' title="bbox 125 3945 1246 4049; baseline -0.005 -25"><span class='ocrx_word' id='word_1_229' title='bbox 125 3952 286 4026; x_wconf 88' lang='lat' dir='ltr'><strong><em>dicuntur</em></strong></span> <span class='ocrx_word' id='word_1_230' title='bbox 312 3951 481 4037; x_wconf 88' lang='lat' dir='ltr'><strong><em>invalida,</em></strong></span> <span class='ocrx_word' id='word_1_231' title='bbox 511 3977 592 4024; x_wconf 87' lang='lat' dir='ltr'><strong><em>suas</em></strong></span> <span class='ocrx_word' id='word_1_232' title='bbox 617 3952 831 4049; x_wconf 83' lang='lat' dir='ltr'><strong><em>exceptiones</em></strong></span> <span class='ocrx_word' id='word_1_233' title='bbox 852 3949 996 4034; x_wconf 87' lang='lat' dir='ltr'><strong><em>habere,</em></strong></span> <span class='ocrx_word' id='word_1_234' title='bbox 1021 3971 1108 4045; x_wconf 90' lang='lat' dir='ltr'><strong><em>quas</em></strong></span> <span class='ocrx_word' id='word_1_235' title='bbox 1132 3945 1246 4019; x_wconf 89' lang='lat' dir='ltr'><strong><em>decla-</em></strong></span> 
     </span>
     <span class='ocr_line' id='line_1_33' title="bbox 126 4058 1241 4164; baseline -0.007 -24"><span class='ocrx_word' id='word_1_236' title='bbox 126 4067 214 4140; x_wconf 80' lang='lat' dir='ltr'><strong><em>ravit</em></strong></span> <span class='ocrx_word' id='word_1_237' title='bbox 228 4064 311 4137; x_wconf 89' lang='lat' dir='ltr'><strong><em>Pius</em></strong></span> <span class='ocrx_word' id='word_1_238' title='bbox 323 4064 392 4136; x_wconf 89' lang='lat' dir='ltr'><strong><em>Vll.</em></strong></span> <span class='ocrx_word' id='word_1_239' title='bbox 407 4065 441 4136; x_wconf 91' lang='lat' dir='ltr'><strong><em>in</em></strong></span> <span class='ocrx_word' id='word_1_240' title='bbox 457 4065 550 4138; x_wconf 85' lang='lat' dir='ltr'><strong><em>Brevi</em></strong></span> <span class='ocrx_word' id='word_1_241' title='bbox 569 4065 611 4138; x_wconf 92' lang='lat' dir='ltr'><strong><em>ad</em></strong></span> <span class='ocrx_word' id='word_1_242' title='bbox 630 4065 781 4164; x_wconf 88' lang='lat' dir='ltr'><strong><em>archiep.</em></strong></span> <span class='ocrx_word' id='word_1_243' title='bbox 799 4063 1032 4162; x_wconf 86' lang='lat' dir='ltr'><strong><em>moguntinum</em></strong></span> <span class='ocrx_word' id='word_1_244' title='bbox 1046 4060 1124 4134; x_wconf 87' lang='lat' dir='ltr'><strong><em>dato</em></strong></span> <span class='ocrx_word' id='word_1_245' title='bbox 1137 4058 1192 4133; x_wconf 93' lang='lat' dir='ltr'><strong><em>die</em></strong></span> <span class='ocrx_word' id='word_1_246' title='bbox 1208 4062 1241 4132; x_wconf 88' lang='lat'><strong><em>8.</em></strong></span> 
     </span>
     <span class='ocr_line' id='line_1_34' title="bbox 126 4176 1246 4283; baseline -0.005 -27"><span class='ocrx_word' id='word_1_247' title='bbox 126 4179 265 4256; x_wconf 86' lang='lat' dir='ltr'><strong><em>Octobr.</em></strong></span> <span class='ocrx_word' id='word_1_248' title='bbox 290 4183 397 4253; x_wconf 85' lang='grc'><strong>1803.</strong></span> <span class='ocrx_word' id='word_1_249' title='bbox 419 4181 502 4254; x_wconf 86' lang='lat' dir='ltr'><strong><em>Cum</em></strong></span> <span class='ocrx_word' id='word_1_250' title='bbox 522 4183 612 4254; x_wconf 89' lang='lat' dir='ltr'><strong><em>onim</em></strong></span> <span class='ocrx_word' id='word_1_251' title='bbox 630 4182 842 4283; x_wconf 85' lang='lat' dir='ltr'><strong><em>exposuisset</em></strong></span> <span class='ocrx_word' id='word_1_252' title='bbox 860 4177 1096 4255; x_wconf 91' lang='lat' dir='ltr'><strong><em>nonnullorum</em></strong></span> <span class='ocrx_word' id='word_1_253' title='bbox 1119 4176 1246 4250; x_wconf 91' lang='lat' dir='ltr'><strong><em>theolo-</em></strong></span> 
     </span>
     <span class='ocr_line' id='line_1_35' title="bbox 125 4291 1247 4395; baseline -0.004 -23"><span class='ocrx_word' id='word_1_254' title='bbox 125 4323 246 4395; x_wconf 77' lang='lat' dir='ltr'><strong><em>gerum</em></strong></span> <span class='ocrx_word' id='word_1_255' title='bbox 270 4298 471 4372; x_wconf 89' lang='lat' dir='ltr'><strong><em>sententiam</em></strong></span> <span class='ocrx_word' id='word_1_256' title='bbox 493 4297 736 4372; x_wconf 83' lang='lat' dir='ltr'><strong><em>«matrimonia</em></strong></span> <span class='ocrx_word' id='word_1_257' title='bbox 753 4297 997 4373; x_wconf 88' lang='lat' dir='ltr'><strong><em>haereticorum</em></strong></span> <span class='ocrx_word' id='word_1_258' title='bbox 1016 4319 1129 4369; x_wconf 90' lang='lat' dir='ltr'><strong><em>coram</em></strong></span> <span class='ocrx_word' id='word_1_259' title='bbox 1147 4291 1247 4367; x_wconf 88' lang='lat' dir='ltr'><strong><em>mini-</em></strong></span> 
     </span>
    </p>
   </div>
   <div class='ocr_carea' id='block_1_3' title="bbox 0 0 1407 5062">
    <p class='ocr_par' dir='ltr' id='par_1_5' title="bbox 0 0 1407 5062">
     <span class='ocr_line' id='line_1_36' title="bbox 0 0 1407 5062; baseline 0 0"><span class='ocrx_word' id='word_1_260' title='bbox 0 0 1407 5062; x_wconf 95' lang='lat' dir='ltr'><strong><em> </em></strong></span> 
     </span>
    </p>
   </div>
  </div>
 </body>
</html>
