<?xml version="1.0" encoding="UTF-8"?>
<!DOCTYPE html PUBLIC "-//W3C//DTD XHTML 1.0 Transitional//EN"
    "http://www.w3.org/TR/xhtml1/DTD/xhtml1-transitional.dtd">
<html xmlns="http://www.w3.org/1999/xhtml" xml:lang="en" lang="en">
 <head>
  <title>
</title>
<meta http-equiv="Content-Type" content="text/html;charset=utf-8" />
  <meta name='ocr-system' content='tesseract 3.04.00' />
  <meta name='ocr-capabilities' content='ocr_page ocr_carea ocr_par ocr_line ocrx_word'/>
</head>
<body>
  <div class='ocr_page' id='page_1' title='image "./dematrimoniochr02perrgoog_0404.png"; bbox 0 0 2804 5062; ppageno 0'>
   <div class='ocr_carea' id='block_1_1' title="bbox 191 355 1236 431">
    <p class='ocr_par' dir='ltr' id='par_1_1' title="bbox 191 355 1236 431">
     <span class='ocr_line' id='line_1_1' title="bbox 191 355 1236 431; baseline -0.003 -2"><span class='ocrx_word' id='word_1_1' title='bbox 191 376 260 429; x_wconf 78' lang='lat' dir='ltr'><strong>cru.</strong></span> <span class='ocrx_word' id='word_1_2' title='bbox 274 376 309 427; x_wconf 89' lang='lat' dir='ltr'><strong>u.</strong></span> <span class='ocrx_word' id='word_1_3' title='bbox 323 375 362 426; x_wconf 87' lang='lat' dir='ltr'><strong>ns</strong></span> <span class='ocrx_word' id='word_1_4' title='bbox 376 373 598 427; x_wconf 37' lang='lat' dir='ltr'><strong>ceraseorum.</strong></span> <span class='ocrx_word' id='word_1_5' title='bbox 612 375 749 426; x_wconf 68' lang='lat' dir='ltr'><strong>uuum.</strong></span> <span class='ocrx_word' id='word_1_6' title='bbox 763 375 1136 431; x_wconf 60' lang='lat' dir='ltr'><strong>mrncuusraaaru.</strong></span> <span class='ocrx_word' id='word_1_7' title='bbox 1167 355 1236 429; x_wconf 82' lang='lat' dir='ltr'><strong>too</strong></span> 
     </span>
    </p>
   </div>
   <div class='ocr_carea' id='block_1_2' title="bbox 127 491 1341 4395">
    <p class='ocr_par' dir='ltr' id='par_1_2' title="bbox 127 491 1341 4395">
     <span class='ocr_line' id='line_1_2' title="bbox 132 491 1238 594; baseline 0.002 -27"><span class='ocrx_word' id='word_1_8' title='bbox 132 493 176 567; x_wconf 85' lang='lat' dir='ltr'><strong>ad</strong></span> <span class='ocrx_word' id='word_1_9' title='bbox 199 491 307 569; x_wconf 86' lang='lat' dir='ltr'><strong>seculi</strong></span> <span class='ocrx_word' id='word_1_10' title='bbox 334 493 502 594; x_wconf 81' lang='lat' dir='ltr'><strong>principes</strong></span> <span class='ocrx_word' id='word_1_11' title='bbox 529 493 564 566; x_wconf 90' lang='lat' dir='ltr'><strong>id</strong></span> <span class='ocrx_word' id='word_1_12' title='bbox 589 492 688 567; x_wconf 90' lang='lat' dir='ltr'><strong>unice</strong></span> <span class='ocrx_word' id='word_1_13' title='bbox 710 492 906 593; x_wconf 77' lang='lat' dir='ltr'><strong>spectasse?</strong></span> <span class='ocrx_word' id='word_1_14' title='bbox 924 493 986 570; x_wconf 78' lang='lat' dir='ltr'><strong>An</strong></span> <span class='ocrx_word' id='word_1_15' title='bbox 1004 494 1036 571; x_wconf 89' lang='lat' dir='ltr'><strong>si</strong></span> <span class='ocrx_word' id='word_1_16' title='bbox 1053 496 1238 577; x_wconf 73' lang='lat' dir='ltr'><strong>Marianam</strong></span> 
     </span>
     <span class='ocr_line' id='line_1_3' title="bbox 131 608 1204 709; baseline 0.003 -25"><span class='ocrx_word' id='word_1_17' title='bbox 131 608 363 698; x_wconf 86' lang='lat' dir='ltr'><strong>consulueris,</strong></span> <span class='ocrx_word' id='word_1_18' title='bbox 392 608 483 684; x_wconf 90' lang='lat' dir='ltr'><strong>illico</strong></span> <span class='ocrx_word' id='word_1_19' title='bbox 508 610 708 684; x_wconf 89' lang='lat' dir='ltr'><strong>contrariam</strong></span> <span class='ocrx_word' id='word_1_20' title='bbox 732 609 965 709; x_wconf 78' lang='lat' dir='ltr'><strong>deprehendes</strong></span> <span class='ocrx_word' id='word_1_21' title='bbox 990 612 1204 687; x_wconf 82' lang='lat' dir='ltr'><strong>sententiam.</strong></span> 
     </span>
     <span class='ocr_line' id='line_1_4' title="bbox 201 722 1240 823; baseline 0.006 -27"><span class='ocrx_word' id='word_1_22' title='bbox 201 722 303 811; x_wconf 83' lang='lat' dir='ltr'><strong>Quod</strong></span> <span class='ocrx_word' id='word_1_23' title='bbox 320 738 358 797; x_wconf 95' lang='lat' dir='ltr'><strong>ut</strong></span> <span class='ocrx_word' id='word_1_24' title='bbox 374 739 487 823; x_wconf 89' lang='lat' dir='ltr'><strong>pateat</strong></span> <span class='ocrx_word' id='word_1_25' title='bbox 502 751 564 798; x_wconf 90' lang='lat' dir='ltr'><strong>nos</strong></span> <span class='ocrx_word' id='word_1_26' title='bbox 584 750 650 798; x_wconf 91' lang='lat' dir='ltr'><strong>non</strong></span> <span class='ocrx_word' id='word_1_27' title='bbox 668 723 795 823; x_wconf 82' lang='lat' dir='ltr'><strong>pigebit</strong></span> <span class='ocrx_word' id='word_1_28' title='bbox 815 724 979 823; x_wconf 87' lang='lat' dir='ltr'><strong>integrum</strong></span> <span class='ocrx_word' id='word_1_29' title='bbox 1005 725 1108 801; x_wconf 89' lang='lat' dir='ltr'><strong>buius</strong></span> <span class='ocrx_word' id='word_1_30' title='bbox 1133 726 1240 802; x_wconf 86' lang='lat' dir='ltr'><strong>bisto-</strong></span> 
     </span>
     <span class='ocr_line' id='line_1_5' title="bbox 133 837 1242 918; baseline 0.005 -5"><span class='ocrx_word' id='word_1_31' title='bbox 133 839 195 913; x_wconf 91' lang='lat' dir='ltr'><strong>rici</strong></span> <span class='ocrx_word' id='word_1_32' title='bbox 229 837 294 914; x_wconf 89' lang='lat' dir='ltr'><strong>hac</strong></span> <span class='ocrx_word' id='word_1_33' title='bbox 327 840 362 913; x_wconf 90' lang='lat' dir='ltr'><strong>in</strong></span> <span class='ocrx_word' id='word_1_34' title='bbox 395 867 431 914; x_wconf 91' lang='lat' dir='ltr'><strong>re</strong></span> <span class='ocrx_word' id='word_1_35' title='bbox 463 856 586 915; x_wconf 84' lang='lat' dir='ltr'><strong>textmn</strong></span> <span class='ocrx_word' id='word_1_36' title='bbox 614 840 817 914; x_wconf 83' lang='lat' dir='ltr'><strong>describere.</strong></span> <span class='ocrx_word' id='word_1_37' title='bbox 853 841 1051 917; x_wconf 74' lang='lat' dir='ltr'><strong>«Allonsus</strong></span> <span class='ocrx_word' id='word_1_38' title='bbox 1082 843 1242 918; x_wconf 87' lang='lat' dir='ltr'><strong>llrracam</strong></span> 
     </span>
     <span class='ocr_line' id='line_1_6' title="bbox 129 955 1240 1057; baseline 0.003 -29"><span class='ocrx_word' id='word_1_39' title='bbox 129 979 269 1029; x_wconf 83' lang='lat' dir='ltr'><strong>uxorem</strong></span> <span class='ocrx_word' id='word_1_40' title='bbox 285 981 308 1028; x_wconf 87' lang='lat' dir='ltr'><strong>a</strong></span> <span class='ocrx_word' id='word_1_41' title='bbox 324 971 418 1054; x_wconf 88' lang='lat' dir='ltr'><strong>patre</strong></span> <span class='ocrx_word' id='word_1_42' title='bbox 441 955 537 1029; x_wconf 89' lang='lat' dir='ltr'><strong>tertio</strong></span> <span class='ocrx_word' id='word_1_43' title='bbox 562 955 823 1055; x_wconf 74' lang='lat' dir='ltr'><strong>propinquitatis</strong></span> <span class='ocrx_word' id='word_1_44' title='bbox 844 956 915 1030; x_wconf 90' lang='lat' dir='ltr'><strong>iure</strong></span> <span class='ocrx_word' id='word_1_45' title='bbox 936 955 1138 1054; x_wconf 85' lang='lat' dir='ltr'><strong>attingebat:</strong></span> <span class='ocrx_word' id='word_1_46' title='bbox 1160 982 1240 1057; x_wconf 88' lang='lat' dir='ltr'><strong>pro·</strong></span> 
     </span>
     <span class='ocr_line' id='line_1_7' title="bbox 129 1068 1239 1169; baseline 0.002 -27"><span class='ocrx_word' id='word_1_47' title='bbox 129 1094 215 1144; x_wconf 84' lang='lat' dir='ltr'><strong>arus</strong></span> <span class='ocrx_word' id='word_1_48' title='bbox 241 1068 418 1169; x_wconf 87' lang='lat' dir='ltr'><strong>utriusque</strong></span> <span class='ocrx_word' id='word_1_49' title='bbox 437 1069 591 1144; x_wconf 78' lang='lat' dir='ltr'><strong>Sanctius</strong></span> <span class='ocrx_word' id='word_1_50' title='bbox 609 1097 666 1143; x_wconf 84' lang='lat' dir='ltr'><strong>rex</strong></span> <span class='ocrx_word' id='word_1_51' title='bbox 681 1069 868 1144; x_wconf 84' lang='lat' dir='ltr'><strong>Vasconum</strong></span> <span class='ocrx_word' id='word_1_52' title='bbox 885 1087 1105 1168; x_wconf 84' lang='lat' dir='ltr'><strong>cognomento</strong></span> <span class='ocrx_word' id='word_1_53' title='bbox 1119 1071 1239 1147; x_wconf 76' lang='lat' dir='ltr'><strong>Maior.</strong></span> 
     </span>
     <span class='ocr_line' id='line_1_8' title="bbox 127 1183 1242 1286; baseline -0.001 -25"><span class='ocrx_word' id='word_1_54' title='bbox 127 1183 283 1261; x_wconf 78' lang='lat' dir='ltr'><strong>Nondum</strong></span> <span class='ocrx_word' id='word_1_55' title='bbox 304 1185 447 1259; x_wconf 82' lang='lat' dir='ltr'><strong>moribus</strong></span> <span class='ocrx_word' id='word_1_56' title='bbox 471 1200 631 1284; x_wconf 80' lang='lat' dir='ltr'><strong>receptum</strong></span> <span class='ocrx_word' id='word_1_57' title='bbox 654 1199 741 1270; x_wconf 85' lang='lat' dir='ltr'><strong>eret,</strong></span> <span class='ocrx_word' id='word_1_58' title='bbox 769 1199 805 1256; x_wconf 85' lang='lat' dir='ltr'><strong>ut</strong></span> <span class='ocrx_word' id='word_1_59' title='bbox 824 1186 1015 1286; x_wconf 74' lang='lat' dir='ltr'><strong>pontificum</strong></span> <span class='ocrx_word' id='word_1_60' title='bbox 1034 1210 1242 1260; x_wconf 82' lang='lat' dir='ltr'><strong>romanoram</strong></span> 
     </span>
     <span class='ocr_line' id='line_1_9' title="bbox 127 1301 1234 1401; baseline 0.003 -28"><span class='ocrx_word' id='word_1_61' title='bbox 127 1303 226 1374; x_wconf 79' lang='lat' dir='ltr'><strong>venio</strong></span> <span class='ocrx_word' id='word_1_62' title='bbox 245 1301 311 1400; x_wconf 73' lang='lat' dir='ltr'><strong>lege</strong></span> <span class='ocrx_word' id='word_1_63' title='bbox 327 1302 526 1400; x_wconf 68' lang='lat' dir='ltr'><strong>concutiente</strong></span> <span class='ocrx_word' id='word_1_64' title='bbox 538 1301 661 1386; x_wconf 73' lang='lat' dir='ltr'><strong>solem,</strong></span> <span class='ocrx_word' id='word_1_65' title='bbox 678 1303 831 1400; x_wconf 69' lang='lat' dir='ltr'><strong>coningio</strong></span> <span class='ocrx_word' id='word_1_66' title='bbox 843 1303 929 1375; x_wconf 76' lang='lat' dir='ltr'><strong>inne</strong></span> <span class='ocrx_word' id='word_1_67' title='bbox 941 1317 1091 1401; x_wconf 75' lang='lat' dir='ltr'><strong>wpnotm</strong></span> <span class='ocrx_word' id='word_1_68' title='bbox 1102 1305 1234 1377; x_wconf 75' lang='lat' dir='ltr'><strong>coirent.</strong></span> 
     </span>
     <span class='ocr_line' id='line_1_10' title="bbox 131 1405 1241 1516; baseline 0.005 -29"><span class='ocrx_word' id='word_1_69' title='bbox 131 1405 251 1514; x_wconf 83' lang='lat' dir='ltr'><strong>ltaque</strong></span> <span class='ocrx_word' id='word_1_70' title='bbox 272 1415 400 1514; x_wconf 88' lang='lat' dir='ltr'><strong>passim</strong></span> <span class='ocrx_word' id='word_1_71' title='bbox 425 1415 677 1490; x_wconf 88' lang='lat' dir='ltr'><strong>consideramus</strong></span> <span class='ocrx_word' id='word_1_72' title='bbox 704 1441 765 1515; x_wconf 92' lang='lat' dir='ltr'><strong>per</strong></span> <span class='ocrx_word' id='word_1_73' title='bbox 789 1414 874 1490; x_wconf 90' lang='lat' dir='ltr'><strong>baec</strong></span> <span class='ocrx_word' id='word_1_74' title='bbox 898 1432 1048 1516; x_wconf 86' lang='lat' dir='ltr'><strong>tempora</strong></span> <span class='ocrx_word' id='word_1_75' title='bbox 1071 1416 1241 1493; x_wconf 85' lang='lat' dir='ltr'><strong>connubia</strong></span> 
     </span>
     <span class='ocr_line' id='line_1_11' title="bbox 129 1527 1240 1630; baseline 0.005 -29"><span class='ocrx_word' id='word_1_76' title='bbox 129 1528 322 1629; x_wconf 85' lang='lat' dir='ltr'><strong>principum</strong></span> <span class='ocrx_word' id='word_1_77' title='bbox 348 1527 513 1630; x_wconf 86' lang='lat' dir='ltr'><strong>dirempta</strong></span> <span class='ocrx_word' id='word_1_78' title='bbox 538 1555 632 1615; x_wconf 87' lang='lat' dir='ltr'><strong>esse,</strong></span> <span class='ocrx_word' id='word_1_79' title='bbox 657 1530 854 1628; x_wconf 82' lang='lat' dir='ltr'><strong>cognatione</strong></span> <span class='ocrx_word' id='word_1_80' title='bbox 874 1530 960 1606; x_wconf 88' lang='lat' dir='ltr'><strong>inter</strong></span> <span class='ocrx_word' id='word_1_81' title='bbox 983 1531 1142 1629; x_wconf 85' lang='lat' dir='ltr'><strong>coniuges</strong></span> <span class='ocrx_word' id='word_1_82' title='bbox 1166 1531 1240 1606; x_wconf 90' lang='lat' dir='ltr'><strong>ille·</strong></span> 
     </span>
     <span class='ocr_line' id='line_1_12' title="bbox 129 1644 1243 1744; baseline 0.002 -26"><span class='ocrx_word' id='word_1_83' title='bbox 129 1644 249 1744; x_wconf 55' lang='lat' dir='ltr'><strong>guma</strong></span> <span class='ocrx_word' id='word_1_84' title='bbox 273 1644 477 1744; x_wconf 86' lang='lat' dir='ltr'><strong>iniustaque.</strong></span> <span class='ocrx_word' id='word_1_85' title='bbox 501 1645 597 1720; x_wconf 84' lang='lat' dir='ltr'><strong>Hanc</strong></span> <span class='ocrx_word' id='word_1_86' title='bbox 622 1672 724 1720; x_wconf 89' lang='lat' dir='ltr'><strong>unam</strong></span> <span class='ocrx_word' id='word_1_87' title='bbox 750 1645 892 1722; x_wconf 85' lang='lat' dir='ltr'><strong>arbitror</strong></span> <span class='ocrx_word' id='word_1_88' title='bbox 917 1673 994 1722; x_wconf 88' lang='lat' dir='ltr'><strong>esse</strong></span> <span class='ocrx_word' id='word_1_89' title='bbox 1018 1670 1155 1722; x_wconf 88' lang='lat' dir='ltr'><strong>causam</strong></span> <span class='ocrx_word' id='word_1_90' title='bbox 1179 1671 1243 1723; x_wconf 88' lang='lat' dir='ltr'><strong>cur</strong></span> 
     </span>
     <span class='ocr_line' id='line_1_13' title="bbox 127 1756 1238 1861; baseline 0.003 -30"><span class='ocrx_word' id='word_1_91' title='bbox 127 1756 289 1834; x_wconf 75' lang='lat' dir='ltr'><strong>Allonsus</strong></span> <span class='ocrx_word' id='word_1_92' title='bbox 307 1758 363 1833; x_wconf 91' lang='lat' dir='ltr'><strong>bic</strong></span> <span class='ocrx_word' id='word_1_93' title='bbox 377 1759 411 1832; x_wconf 90' lang='lat' dir='ltr'><strong>iu</strong></span> <span class='ocrx_word' id='word_1_94' title='bbox 423 1758 517 1835; x_wconf 95' lang='lat' dir='ltr'><strong>nullo</strong></span> <span class='ocrx_word' id='word_1_95' title='bbox 526 1759 690 1837; x_wconf 82' lang='lat' dir='ltr'><strong>Castellae</strong></span> <span class='ocrx_word' id='word_1_96' title='bbox 706 1786 820 1858; x_wconf 88' lang='lat' dir='ltr'><strong>regum</strong></span> <span class='ocrx_word' id='word_1_97' title='bbox 837 1787 975 1836; x_wconf 92' lang='lat' dir='ltr'><strong>numero</strong></span> <span class='ocrx_word' id='word_1_98' title='bbox 989 1776 1132 1860; x_wconf 85' lang='lat' dir='ltr'><strong>ponatur</strong></span> <span class='ocrx_word' id='word_1_99' title='bbox 1146 1761 1238 1861; x_wconf 90' lang='lat' dir='ltr'><strong>apud</strong></span> 
     </span>
     <span class='ocr_line' id='line_1_14' title="bbox 127 1875 1241 1976; baseline 0.001 -28"><span class='ocrx_word' id='word_1_100' title='bbox 127 1889 257 1949; x_wconf 84' lang='lat' dir='ltr'><strong>veteres</strong></span> <span class='ocrx_word' id='word_1_101' title='bbox 282 1875 482 1975; x_wconf 84' lang='lat' dir='ltr'><strong>scriptores,</strong></span> <span class='ocrx_word' id='word_1_102' title='bbox 510 1902 618 1976; x_wconf 89' lang='lat' dir='ltr'><strong>neque</strong></span> <span class='ocrx_word' id='word_1_103' title='bbox 642 1901 757 1950; x_wconf 82' lang='lat' dir='ltr'><strong>verum</strong></span> <span class='ocrx_word' id='word_1_104' title='bbox 774 1891 843 1962; x_wconf 89' lang='lat' dir='ltr'><strong>est,</strong></span> <span class='ocrx_word' id='word_1_105' title='bbox 864 1875 947 1949; x_wconf 85' lang='lat' dir='ltr'><strong>lixas</strong></span> <span class='ocrx_word' id='word_1_106' title='bbox 971 1891 1138 1951; x_wconf 84' lang='lat' dir='ltr'><strong>vetustate</strong></span> <span class='ocrx_word' id='word_1_107' title='bbox 1164 1875 1241 1975; x_wconf 90' lang='lat' dir='ltr'><strong>opi-</strong></span> 
     </span>
     <span class='ocr_line' id='line_1_15' title="bbox 130 1989 1238 2092; baseline 0.001 -29"><span class='ocrx_word' id='word_1_108' title='bbox 130 1989 250 2064; x_wconf 90' lang='lat' dir='ltr'><strong>niones</strong></span> <span class='ocrx_word' id='word_1_109' title='bbox 263 1989 360 2065; x_wconf 83' lang='lat' dir='ltr'><strong>nouis</strong></span> <span class='ocrx_word' id='word_1_110' title='bbox 374 1990 507 2091; x_wconf 87' lang='lat' dir='ltr'><strong>placitis</strong></span> <span class='ocrx_word' id='word_1_111' title='bbox 519 1991 720 2066; x_wconf 84' lang='lat' dir='ltr'><strong>convellere:</strong></span> <span class='ocrx_word' id='word_1_112' title='bbox 733 1991 823 2092; x_wconf 91' lang='lat' dir='ltr'><strong>quod</strong></span> <span class='ocrx_word' id='word_1_113' title='bbox 836 1991 974 2092; x_wconf 91' lang='lat' dir='ltr'><strong>quidam</strong></span> <span class='ocrx_word' id='word_1_114' title='bbox 987 1990 1115 2066; x_wconf 80' lang='lat' dir='ltr'><strong>faciunt</strong></span> <span class='ocrx_word' id='word_1_115' title='bbox 1126 2016 1238 2089; x_wconf 88' lang='lat' dir='ltr'><strong>regem</strong></span> 
     </span>
     <span class='ocr_line' id='line_1_16' title="bbox 130 2103 1242 2205; baseline 0.004 -29"><span class='ocrx_word' id='word_1_116' title='bbox 130 2103 225 2178; x_wconf 92' lang='lat' dir='ltr'><strong>bunc</strong></span> <span class='ocrx_word' id='word_1_117' title='bbox 248 2104 377 2179; x_wconf 77' lang='lat' dir='ltr'><strong>Allonsi</strong></span> <span class='ocrx_word' id='word_1_118' title='bbox 403 2105 538 2180; x_wconf 87' lang='lat' dir='ltr'><strong>nomine</strong></span> <span class='ocrx_word' id='word_1_119' title='bbox 564 2106 743 2205; x_wconf 86' lang='lat' dir='ltr'><strong>septimum</strong></span> <span class='ocrx_word' id='word_1_120' title='bbox 774 2107 861 2193; x_wconf 90' lang='lat' dir='ltr'><strong>inter</strong></span> <span class='ocrx_word' id='word_1_121' title='bbox 884 2105 1041 2180; x_wconf 87' lang='lat' dir='ltr'><strong>castellae</strong></span> <span class='ocrx_word' id='word_1_122' title='bbox 1064 2130 1160 2204; x_wconf 88' lang='lat' dir='ltr'><strong>reges</strong></span> <span class='ocrx_word' id='word_1_123' title='bbox 1177 2132 1242 2180; x_wconf 91' lang='lat' dir='ltr'><strong>uu-</strong></span> 
     </span>
     <span class='ocr_line' id='line_1_17' title="bbox 127 2219 1243 2321; baseline 0.003 -28"><span class='ocrx_word' id='word_1_124' title='bbox 127 2235 324 2294; x_wconf 85' lang='lat' dir='ltr'><strong>merantes:</strong></span> <span class='ocrx_word' id='word_1_125' title='bbox 352 2220 387 2292; x_wconf 93' lang='lat' dir='ltr'><strong>in</strong></span> <span class='ocrx_word' id='word_1_126' title='bbox 417 2246 518 2320; x_wconf 89' lang='lat' dir='ltr'><strong>quam</strong></span> <span class='ocrx_word' id='word_1_127' title='bbox 544 2220 635 2321; x_wconf 93' lang='lat' dir='ltr'><strong>quod</strong></span> <span class='ocrx_word' id='word_1_128' title='bbox 665 2221 749 2313; x_wconf 90' lang='lat' dir='ltr'><strong>iuris</strong></span> <span class='ocrx_word' id='word_1_129' title='bbox 783 2220 907 2311; x_wconf 82' lang='lat' dir='ltr'><strong>habere</strong></span> <span class='ocrx_word' id='word_1_130' title='bbox 934 2219 1065 2321; x_wconf 80' lang='lat' dir='ltr'><strong>potuit,</strong></span> <span class='ocrx_word' id='word_1_131' title='bbox 1091 2220 1243 2319; x_wconf 88' lang='lat' dir='ltr'><strong>legitimo</strong></span> 
     </span>
     <span class='ocr_line' id='line_1_18' title="bbox 128 2334 1242 2436; baseline 0.003 -28"><span class='ocrx_word' id='word_1_132' title='bbox 128 2334 275 2411; x_wconf 86' lang='lat' dir='ltr'><strong>haerede</strong></span> <span class='ocrx_word' id='word_1_133' title='bbox 299 2361 340 2409; x_wconf 85' lang='lat' dir='ltr'><strong>cx</strong></span> <span class='ocrx_word' id='word_1_134' title='bbox 365 2335 468 2436; x_wconf 93' lang='lat' dir='ltr'><strong>priori</strong></span> <span class='ocrx_word' id='word_1_135' title='bbox 499 2336 654 2434; x_wconf 87' lang='lat' dir='ltr'><strong>coniugio</strong></span> <span class='ocrx_word' id='word_1_136' title='bbox 685 2350 787 2425; x_wconf 88' lang='lat' dir='ltr'><strong>nato,</strong></span> <span class='ocrx_word' id='word_1_137' title='bbox 824 2336 999 2435; x_wconf 83' lang='lat' dir='ltr'><strong>posteriori</strong></span> <span class='ocrx_word' id='word_1_138' title='bbox 1028 2334 1242 2422; x_wconf 85' lang='lat' dir='ltr'><strong>matrimonio</strong></span> 
     </span>
     <span class='ocr_line' id='line_1_19' title="bbox 127 2449 1238 2552; baseline -0.004 -25"><span class='ocrx_word' id='word_1_139' title='bbox 127 2449 271 2538; x_wconf 80' lang='lat' dir='ltr'><strong>vitioso,</strong></span> <span class='ocrx_word' id='word_1_140' title='bbox 291 2466 325 2525; x_wconf 89' lang='lat' dir='ltr'><strong>et</strong></span> <span class='ocrx_word' id='word_1_141' title='bbox 341 2450 472 2550; x_wconf 89' lang='lat' dir='ltr'><strong>legibus</strong></span> <span class='ocrx_word' id='word_1_142' title='bbox 498 2450 761 2552; x_wconf 83' lang='lat' dir='ltr'><strong>repugnantibus</strong></span> <span class='ocrx_word' id='word_1_143' title='bbox 780 2449 953 2526; x_wconf 79' lang='lat' dir='ltr'><strong>invalido?</strong></span> <span class='ocrx_word' id='word_1_144' title='bbox 970 2451 1096 2549; x_wconf 83' lang='lat' dir='ltr'><strong>Regina</strong></span> <span class='ocrx_word' id='word_1_145' title='bbox 1112 2449 1156 2524; x_wconf 94' lang='lat' dir='ltr'><strong>ob</strong></span> <span class='ocrx_word' id='word_1_146' title='bbox 1173 2450 1238 2524; x_wconf 90' lang='lat' dir='ltr'><strong>im·</strong></span> 
     </span>
     <span class='ocr_line' id='line_1_20' title="bbox 128 2564 1239 2665; baseline 0.002 -25"><span class='ocrx_word' id='word_1_147' title='bbox 128 2580 291 2665; x_wconf 82' lang='lat' dir='ltr'><strong>portunus</strong></span> <span class='ocrx_word' id='word_1_148' title='bbox 315 2566 463 2641; x_wconf 86' lang='lat' dir='ltr'><strong>actiones</strong></span> <span class='ocrx_word' id='word_1_149' title='bbox 487 2565 532 2639; x_wconf 87' lang='lat' dir='ltr'><strong>ad</strong></span> <span class='ocrx_word' id='word_1_150' title='bbox 556 2591 665 2639; x_wconf 84' lang='lat' dir='ltr'><strong>arcem</strong></span> <span class='ocrx_word' id='word_1_151' title='bbox 690 2564 872 2640; x_wconf 84' lang='lat' dir='ltr'><strong>Castellare</strong></span> <span class='ocrx_word' id='word_1_152' title='bbox 897 2565 932 2638; x_wconf 93' lang='lat' dir='ltr'><strong>in</strong></span> <span class='ocrx_word' id='word_1_153' title='bbox 959 2566 1145 2641; x_wconf 90' lang='lat' dir='ltr'><strong>custodiam</strong></span> <span class='ocrx_word' id='word_1_154' title='bbox 1170 2582 1239 2642; x_wconf 90' lang='lat' dir='ltr'><strong>tra·</strong></span> 
     </span>
     <span class='ocr_line' id='line_1_21' title="bbox 127 2679 1341 2781; baseline 0.002 -26"><span class='ocrx_word' id='word_1_155' title='bbox 127 2679 223 2769; x_wconf 88' lang='lat' dir='ltr'><strong>dita,</strong></span> <span class='ocrx_word' id='word_1_156' title='bbox 250 2707 287 2755; x_wconf 90' lang='lat' dir='ltr'><strong>re</strong></span> <span class='ocrx_word' id='word_1_157' title='bbox 310 2708 387 2755; x_wconf 94' lang='lat' dir='ltr'><strong>cum</strong></span> <span class='ocrx_word' id='word_1_158' title='bbox 410 2684 482 2756; x_wconf 89' lang='lat' dir='ltr'><strong>suis</strong></span> <span class='ocrx_word' id='word_1_159' title='bbox 507 2680 752 2779; x_wconf 83' lang='lat' dir='ltr'><strong>communicata</strong></span> <span class='ocrx_word' id='word_1_160' title='bbox 777 2681 812 2753; x_wconf 92' lang='lat' dir='ltr'><strong>in</strong></span> <span class='ocrx_word' id='word_1_161' title='bbox 837 2680 1009 2756; x_wconf 89' lang='lat' dir='ltr'><strong>castellam</strong></span> <span class='ocrx_word' id='word_1_162' title='bbox 1033 2682 1155 2758; x_wconf 83' lang='lat' dir='ltr'><strong>euadit.</strong></span> <span class='ocrx_word' id='word_1_163' title='bbox 1175 2682 1238 2757; x_wconf 81' lang='lat' dir='ltr'><strong>Ve-</strong></span> <span class='ocrx_word' id='word_1_164' title='bbox 1333 2759 1341 2781; x_wconf 64' lang='lat'>‚</span> 
     </span>
     <span class='ocr_line' id='line_1_22' title="bbox 130 2795 1239 2896; baseline 0.002 -25"><span class='ocrx_word' id='word_1_165' title='bbox 130 2822 207 2871; x_wconf 87' lang='lat' dir='ltr'><strong>rum</strong></span> <span class='ocrx_word' id='word_1_166' title='bbox 224 2822 245 2870; x_wconf 85' lang='lat' dir='ltr'><strong>a</strong></span> <span class='ocrx_word' id='word_1_167' title='bbox 261 2797 356 2896; x_wconf 88' lang='lat' dir='ltr'><strong>regni</strong></span> <span class='ocrx_word' id='word_1_168' title='bbox 383 2795 575 2896; x_wconf 87' lang='lat' dir='ltr'><strong>proceribus</strong></span> <span class='ocrx_word' id='word_1_169' title='bbox 597 2797 768 2871; x_wconf 83' lang='lat' dir='ltr'><strong>advirum</strong></span> <span class='ocrx_word' id='word_1_170' title='bbox 794 2797 957 2886; x_wconf 89' lang='lat' dir='ltr'><strong>remissa,</strong></span> <span class='ocrx_word' id='word_1_171' title='bbox 976 2797 1103 2883; x_wconf 86' lang='lat' dir='ltr'><strong>carceri</strong></span> <span class='ocrx_word' id='word_1_172' title='bbox 1127 2797 1239 2873; x_wconf 92' lang='lat' dir='ltr'><strong>denuo</strong></span> 
     </span>
     <span class='ocr_line' id='line_1_23' title="bbox 129 2909 1242 3013; baseline 0.003 -30"><span class='ocrx_word' id='word_1_173' title='bbox 129 2911 358 3013; x_wconf 89' lang='lat' dir='ltr'><strong>mancipatur:</strong></span> <span class='ocrx_word' id='word_1_174' title='bbox 375 2910 529 2986; x_wconf 85' lang='lat' dir='ltr'><strong>Caleciuc</strong></span> <span class='ocrx_word' id='word_1_175' title='bbox 545 2936 721 3010; x_wconf 84' lang='lat' dir='ltr'><strong>proceres,</strong></span> <span class='ocrx_word' id='word_1_176' title='bbox 740 2910 799 2984; x_wconf 92' lang='lat' dir='ltr'><strong>ubi</strong></span> <span class='ocrx_word' id='word_1_177' title='bbox 813 2911 956 2986; x_wconf 86' lang='lat' dir='ltr'><strong>Urracae</strong></span> <span class='ocrx_word' id='word_1_178' title='bbox 973 2909 1064 2987; x_wconf 84' lang='lat' dir='ltr'><strong>filius</strong></span> <span class='ocrx_word' id='word_1_179' title='bbox 1080 2910 1242 2986; x_wconf 81' lang='lat' dir='ltr'><strong>Allonsus</strong></span> 
     </span>
     <span class='ocr_line' id='line_1_24' title="bbox 133 3026 1241 3127; baseline 0.003 -29"><span class='ocrx_word' id='word_1_180' title='bbox 133 3051 175 3100; x_wconf 83' lang='lat' dir='ltr'><strong>ex</strong></span> <span class='ocrx_word' id='word_1_181' title='bbox 192 3026 247 3099; x_wconf 81' lang='lat' dir='ltr'><strong>avi</strong></span> <span class='ocrx_word' id='word_1_182' title='bbox 265 3041 461 3101; x_wconf 89' lang='lat' dir='ltr'><strong>testamento</strong></span> <span class='ocrx_word' id='word_1_183' title='bbox 479 3052 588 3100; x_wconf 88' lang='lat' dir='ltr'><strong>rerum</strong></span> <span class='ocrx_word' id='word_1_184' title='bbox 609 3026 815 3127; x_wconf 88' lang='lat' dir='ltr'><strong>potiebatur,</strong></span> <span class='ocrx_word' id='word_1_185' title='bbox 836 3027 923 3100; x_wconf 90' lang='lat' dir='ltr'><strong>inter</strong></span> <span class='ocrx_word' id='word_1_186' title='bbox 939 3053 977 3103; x_wconf 89' lang='lat' dir='ltr'><strong>se</strong></span> <span class='ocrx_word' id='word_1_187' title='bbox 993 3027 1078 3101; x_wconf 89' lang='lat' dir='ltr'><strong>inire</strong></span> <span class='ocrx_word' id='word_1_188' title='bbox 1099 3026 1241 3101; x_wconf 87' lang='lat' dir='ltr'><strong>societa-</strong></span> 
     </span>
     <span class='ocr_line' id='line_1_25' title="bbox 130 3140 1241 3242; baseline -0.002 -27"><span class='ocrx_word' id='word_1_189' title='bbox 130 3158 183 3215; x_wconf 87' lang='lat' dir='ltr'><strong>tes</strong></span> <span class='ocrx_word' id='word_1_190' title='bbox 200 3140 365 3217; x_wconf 85' lang='lat' dir='ltr'><strong>adversus</strong></span> <span class='ocrx_word' id='word_1_191' title='bbox 378 3143 555 3241; x_wconf 84' lang='lat' dir='ltr'><strong>aragonius</strong></span> <span class='ocrx_word' id='word_1_192' title='bbox 573 3158 731 3239; x_wconf 86' lang='lat' dir='ltr'><strong>conatus:</strong></span> <span class='ocrx_word' id='word_1_193' title='bbox 748 3142 961 3242; x_wconf 86' lang='lat' dir='ltr'><strong>coniugium,</strong></span> <span class='ocrx_word' id='word_1_194' title='bbox 977 3141 1068 3242; x_wconf 87' lang='lat' dir='ltr'><strong>quod</strong></span> <span class='ocrx_word' id='word_1_195' title='bbox 1087 3140 1241 3240; x_wconf 87' lang='lat' dir='ltr'><strong>inauspi-</strong></span> 
     </span>
     <span class='ocr_line' id='line_1_26' title="bbox 130 3255 1237 3349; baseline -0.003 -17"><span class='ocrx_word' id='word_1_196' title='bbox 130 3271 207 3332; x_wconf 89' lang='lat' dir='ltr'><strong>cato</strong></span> <span class='ocrx_word' id='word_1_197' title='bbox 220 3257 344 3332; x_wconf 88' lang='lat' dir='ltr'><strong>coierat</strong></span> <span class='ocrx_word' id='word_1_198' title='bbox 361 3258 464 3333; x_wconf 84' lang='lat' dir='ltr'><strong>inuita</strong></span> <span class='ocrx_word' id='word_1_199' title='bbox 480 3258 667 3348; x_wconf 85' lang='lat' dir='ltr'><strong>nobilitate,</strong></span> <span class='ocrx_word' id='word_1_200' title='bbox 683 3256 891 3333; x_wconf 81' lang='lat' dir='ltr'><strong>dissolvendi</strong></span> <span class='ocrx_word' id='word_1_201' title='bbox 908 3258 1119 3349; x_wconf 81' lang='lat' dir='ltr'><strong>occasionem</strong></span> <span class='ocrx_word' id='word_1_202' title='bbox 1135 3255 1237 3331; x_wconf 85' lang='lat' dir='ltr'><strong>nacti.</strong></span> 
     </span>
     <span class='ocr_line' id='line_1_27' title="bbox 127 3369 1241 3471; baseline -0.002 -25"><span class='ocrx_word' id='word_1_203' title='bbox 127 3371 178 3446; x_wconf 79' lang='lat' dir='ltr'><strong>Ex</strong></span> <span class='ocrx_word' id='word_1_204' title='bbox 190 3397 233 3447; x_wconf 89' lang='lat' dir='ltr'><strong>ea</strong></span> <span class='ocrx_word' id='word_1_205' title='bbox 245 3398 282 3446; x_wconf 93' lang='lat' dir='ltr'><strong>re</strong></span> <span class='ocrx_word' id='word_1_206' title='bbox 295 3372 330 3445; x_wconf 91' lang='lat' dir='ltr'><strong>in</strong></span> <span class='ocrx_word' id='word_1_207' title='bbox 343 3373 465 3447; x_wconf 90' lang='lat' dir='ltr'><strong>animis</strong></span> <span class='ocrx_word' id='word_1_208' title='bbox 483 3373 656 3448; x_wconf 90' lang='lat' dir='ltr'><strong>hominum</strong></span> <span class='ocrx_word' id='word_1_209' title='bbox 673 3371 850 3471; x_wconf 88' lang='lat' dir='ltr'><strong>religiones</strong></span> <span class='ocrx_word' id='word_1_210' title='bbox 871 3371 1051 3460; x_wconf 80' lang='lat' dir='ltr'><strong>excitatae,</strong></span> <span class='ocrx_word' id='word_1_211' title='bbox 1069 3371 1101 3445; x_wconf 92' lang='lat' dir='ltr'><strong>ei</strong></span> <span class='ocrx_word' id='word_1_212' title='bbox 1117 3369 1241 3446; x_wconf 88' lang='lat' dir='ltr'><strong>obtem·</strong></span> 
     </span>
     <span class='ocr_line' id='line_1_28' title="bbox 128 3485 1238 3588; baseline -0.005 -27"><span class='ocrx_word' id='word_1_213' title='bbox 128 3512 249 3586; x_wconf 82' lang='lat' dir='ltr'><strong>perere</strong></span> <span class='ocrx_word' id='word_1_214' title='bbox 274 3486 326 3561; x_wconf 87' lang='lat' dir='ltr'><strong>las</strong></span> <span class='ocrx_word' id='word_1_215' title='bbox 349 3513 425 3562; x_wconf 88' lang='lat' dir='ltr'><strong>esse</strong></span> <span class='ocrx_word' id='word_1_216' title='bbox 450 3487 661 3586; x_wconf 83' lang='lat' dir='ltr'><strong>negantium,</strong></span> <span class='ocrx_word' id='word_1_217' title='bbox 689 3485 748 3588; x_wconf 89' lang='lat' dir='ltr'><strong>qui</strong></span> <span class='ocrx_word' id='word_1_218' title='bbox 774 3485 943 3585; x_wconf 86' lang='lat' dir='ltr'><strong>legitimus</strong></span> <span class='ocrx_word' id='word_1_219' title='bbox 965 3511 1024 3561; x_wconf 86' lang='lat' dir='ltr'><strong>rex</strong></span> <span class='ocrx_word' id='word_1_220' title='bbox 1043 3511 1110 3579; x_wconf 89' lang='lat' dir='ltr'><strong>non</strong></span> <span class='ocrx_word' id='word_1_221' title='bbox 1134 3500 1238 3560; x_wconf 84' lang='lat' dir='ltr'><strong>esset.</strong></span> 
     </span>
     <span class='ocr_line' id='line_1_29' title="bbox 127 3600 1241 3702; baseline 0 -27"><span class='ocrx_word' id='word_1_222' title='bbox 127 3600 180 3677; x_wconf 81' lang='lat' dir='ltr'><strong>dd</strong></span> <span class='ocrx_word' id='word_1_223' title='bbox 207 3600 403 3676; x_wconf 87' lang='lat' dir='ltr'><strong>Puscbnlem</strong></span> <span class='ocrx_word' id='word_1_224' title='bbox 429 3629 603 3677; x_wconf 89' lang='lat' dir='ltr'><strong>romanum</strong></span> <span class='ocrx_word' id='word_1_225' title='bbox 629 3602 821 3702; x_wconf 86' lang='lat' dir='ltr'><strong>pontificem</strong></span> <span class='ocrx_word' id='word_1_226' title='bbox 846 3602 953 3698; x_wconf 83' lang='lat' dir='ltr'><strong>missa</strong></span> <span class='ocrx_word' id='word_1_227' title='bbox 973 3600 1115 3700; x_wconf 86' lang='lat' dir='ltr'><strong>legatio:</strong></span> <span class='ocrx_word' id='word_1_228' title='bbox 1137 3625 1241 3676; x_wconf 88' lang='lat' dir='ltr'><strong>causa</strong></span> 
     </span>
     <span class='ocr_line' id='line_1_30' title="bbox 128 3716 1240 3818; baseline 0 -27"><span class='ocrx_word' id='word_1_229' title='bbox 128 3717 242 3792; x_wconf 91' lang='lat' dir='ltr'><strong>omnis</strong></span> <span class='ocrx_word' id='word_1_230' title='bbox 266 3717 443 3817; x_wconf 84' lang='lat' dir='ltr'><strong>exposita:</strong></span> <span class='ocrx_word' id='word_1_231' title='bbox 464 3718 516 3817; x_wconf 88' lang='lat' dir='ltr'><strong>ab</strong></span> <span class='ocrx_word' id='word_1_232' title='bbox 539 3744 645 3818; x_wconf 88' lang='lat' dir='ltr'><strong>eoque</strong></span> <span class='ocrx_word' id='word_1_233' title='bbox 670 3716 819 3818; x_wconf 85' lang='lat' dir='ltr'><strong>diploma</strong></span> <span class='ocrx_word' id='word_1_234' title='bbox 843 3717 1012 3792; x_wconf 87' lang='lat' dir='ltr'><strong>ablatum:</strong></span> <span class='ocrx_word' id='word_1_235' title='bbox 1032 3743 1100 3818; x_wconf 89' lang='lat' dir='ltr'><strong>quo</strong></span> <span class='ocrx_word' id='word_1_236' title='bbox 1117 3742 1240 3791; x_wconf 87' lang='lat' dir='ltr'><strong>causae</strong></span> 
     </span>
     <span class='ocr_line' id='line_1_31' title="bbox 132 3816 1242 3934; baseline -0.001 -29"><span class='ocrx_word' id='word_1_237' title='bbox 132 3816 357 3930; x_wconf 88' lang='lat' dir='ltr'><strong>cognitionem</strong></span> <span class='ocrx_word' id='word_1_238' title='bbox 382 3833 510 3908; x_wconf 89' lang='lat' dir='ltr'><strong>Didaco</strong></span> <span class='ocrx_word' id='word_1_239' title='bbox 530 3832 688 3908; x_wconf 84' lang='lat' dir='ltr'><strong>Gelmirio</strong></span> <span class='ocrx_word' id='word_1_240' title='bbox 705 3833 974 3933; x_wconf 74' lang='lat' dir='ltr'><strong>compostellano</strong></span> <span class='ocrx_word' id='word_1_241' title='bbox 999 3831 1146 3933; x_wconf 86' lang='lat' dir='ltr'><strong>praesuli</strong></span> <span class='ocrx_word' id='word_1_242' title='bbox 1170 3858 1242 3934; x_wconf 88' lang='lat' dir='ltr'><strong>per·</strong></span> 
     </span>
     <span class='ocr_line' id='line_1_32' title="bbox 129 3944 1242 4049; baseline 0.003 -30"><span class='ocrx_word' id='word_1_243' title='bbox 129 3944 295 4020; x_wconf 90' lang='lat' dir='ltr'><strong>mittebat.</strong></span> <span class='ocrx_word' id='word_1_244' title='bbox 317 3945 400 4021; x_wconf 85' lang='lat' dir='ltr'><strong>Eius</strong></span> <span class='ocrx_word' id='word_1_245' title='bbox 418 3946 610 4049; x_wconf 89' lang='lat' dir='ltr'><strong>diplomatis</strong></span> <span class='ocrx_word' id='word_1_246' title='bbox 629 3946 849 4045; x_wconf 80' lang='lat' dir='ltr'><strong>fragmentum</strong></span> <span class='ocrx_word' id='word_1_247' title='bbox 864 3947 1082 4021; x_wconf 89' lang='lat' dir='ltr'><strong>subiicimus:</strong></span> <span class='ocrx_word' id='word_1_248' title='bbox 1099 3947 1242 4022; x_wconf 78' lang='lat' dir='ltr'><strong>Pascun-</strong></span> 
     </span>
     <span class='ocr_line' id='line_1_33' title="bbox 128 4061 1241 4163; baseline -0.001 -26"><span class='ocrx_word' id='word_1_249' title='bbox 128 4083 481 4137; x_wconf 78' lang='lat' dir='ltr'><strong>nsscrouaaeroornm</strong></span> <span class='ocrx_word' id='word_1_250' title='bbox 493 4063 556 4134; x_wconf 81' lang='lat' dir='ltr'><strong>Dei</strong></span> <span class='ocrx_word' id='word_1_251' title='bbox 572 4062 754 4135; x_wconf 81' lang='lat' dir='ltr'><strong>venerabili</strong></span> <span class='ocrx_word' id='word_1_252' title='bbox 772 4064 876 4163; x_wconf 74' lang='lat' dir='ltr'><strong>[ratri</strong></span> <span class='ocrx_word' id='word_1_253' title='bbox 898 4061 983 4135; x_wconf 73' lang='lat' dir='ltr'><strong>donn</strong></span> <span class='ocrx_word' id='word_1_254' title='bbox 996 4063 1241 4161; x_wconf 83' lang='lat' dir='ltr'><strong>compostellano</strong></span> 
     </span>
     <span class='ocr_line' id='line_1_34' title="bbox 127 4177 1241 4278; baseline 0.004 -31"><span class='ocrx_word' id='word_1_255' title='bbox 127 4177 294 4276; x_wconf 82' lang='lat' dir='ltr'><strong>episcopo,</strong></span> <span class='ocrx_word' id='word_1_256' title='bbox 321 4177 515 4253; x_wconf 83' lang='lat' dir='ltr'><strong>salutemet</strong></span> <span class='ocrx_word' id='word_1_257' title='bbox 540 4179 751 4278; x_wconf 81' lang='lat' dir='ltr'><strong>apostolicam</strong></span> <span class='ocrx_word' id='word_1_258' title='bbox 777 4178 1101 4253; x_wconf 61' lang='lat' dir='ltr'><strong>condecernente</strong></span> <span class='ocrx_word' id='word_1_259' title='bbox 1126 4180 1182 4252; x_wconf 81' lang='lat' dir='ltr'><strong>loc</strong></span> <span class='ocrx_word' id='word_1_260' title='bbox 1212 4193 1241 4251; x_wconf 87' lang='lat' dir='ltr'><strong>te</strong></span> 
     </span>
     <span class='ocr_line' id='line_1_35' title="bbox 127 4288 1241 4395; baseline 0.004 -31"><span class='ocrx_word' id='word_1_261' title='bbox 127 4293 327 4394; x_wconf 77' lang='lat' dir='ltr'><strong>omnspotens</strong></span> <span class='ocrx_word' id='word_1_262' title='bbox 350 4295 435 4368; x_wconf 84' lang='lat' dir='ltr'><strong>Dens</strong></span> <span class='ocrx_word' id='word_1_263' title='bbox 456 4296 577 4395; x_wconf 84' lang='lat' dir='ltr'><strong>populo</strong></span> <span class='ocrx_word' id='word_1_264' title='bbox 606 4322 663 4369; x_wconf 85' lang='lat' dir='ltr'><strong>suo</strong></span> <span class='ocrx_word' id='word_1_265' title='bbox 684 4321 833 4395; x_wconf 81' lang='lat' dir='ltr'><strong>proeesse</strong></span> <span class='ocrx_word' id='word_1_266' title='bbox 861 4297 1040 4381; x_wconf 79' lang='lat' dir='ltr'><strong>constituit,</strong></span> <span class='ocrx_word' id='word_1_267' title='bbox 1071 4311 1107 4368; x_wconf 90' lang='lat' dir='ltr'><strong>nt</strong></span> <span class='ocrx_word' id='word_1_268' title='bbox 1132 4288 1241 4370; x_wconf 76' lang='lat' dir='ltr'><strong>eornm</strong></span> 
     </span>
    </p>
   </div>
   <div class='ocr_carea' id='block_1_3' title="bbox 0 0 1406 5062">
    <p class='ocr_par' dir='ltr' id='par_1_3' title="bbox 0 0 1406 5062">
     <span class='ocr_line' id='line_1_36' title="bbox 0 0 1406 5062; baseline 0 0"><span class='ocrx_word' id='word_1_269' title='bbox 0 0 1406 5062; x_wconf 95' lang='lat' dir='ltr'><strong> </strong></span> 
     </span>
    </p>
   </div>
  </div>
 </body>
</html>
