2804 5062
205 383 1104 439 mr.rannerurorrssrnrnrmra.rnmnmnrru.
1158 367 1229 441 1⁸13

130 502 255 604 quidem
282 527 394 577 coram
420 502 567 602 parocho
584 517 619 576 et
641 501 805 591 testibus,
830 504 860 578 si
887 504 950 578 hac
970 504 1163 581 conditione
1179 531 1231 581 sa·

126 619 208 693 natio
241 618 449 692 conceditur.
477 617 669 718 llequiritur
693 618 794 692 etiam
823 620 1015 693 necessario
1045 646 1232 696 consensus

125 735 304 821 renovatio,
320 734 350 808 si
364 734 493 834 primus
511 758 717 823 consensus,
737 734 921 810 scientibus
938 736 1226 825 contrahentibus,

125 848 229 923 rullus
248 875 390 949 prorsus
407 865 480 923 erat
502 848 547 924 ob
567 849 843 950 impedimentum
862 876 928 924 non
946 850 1083 950 quidem
1100 851 1226 939 latens,

125 965 177 1040 sed
200 966 344 1039 evidens
363 995 370 1038 :
391 981 427 1039 at
448 966 483 1038 in
500 965 567 1040 hoo
586 992 669 1040 casu
691 967 994 1067 improprie'immo
1018 967 1110 1040 nullo
1131 968 1234 1043 modo

125 1078 286 1154 diceretur
302 1079 553 1154 matrimonium
571 1080 606 1152 in
625 1079 737 1154 radice
756 1081 887 1167 sanari,
908 1095 945 1153 ut
962 1107 1066 1179 supra
1082 1080 1234 1155 animad-

125 1195 289 1269 tertimus.
311 1195 467 1269 Ceterum
490 1195 626 1297 quando
643 1197 936 1271 consensus'bona
963 1197 1031 1270 fide
1048 1197 1147 1272 datus
1166 1196 1230 1271 luit

125 1328 152 1384 ιι
165 1312 316 1387 invalide
328 1313 373 1387 ob
385 1313 492 1387 latens
506 1313 802 1414 impedimentum,
818 1330 899 1389 tunc
916 1316 1046 1391 sanatio
1064 1316 1099 1389 in
1114 1314 1228 1390 radice

125 1425 234 1515 adicit,
254 1444 294 1501 ut
311 1427 582 1516 matrimonium,
603 1454 770 1503 consensu
793 1455 859 1504 non
881 1444 1060 1518 renovato,
1080 1428 1231 1504 validum

125 1539 189 1629 iat,
206 1557 243 1616 et
259 1542 351 1642 quod
369 1541 413 1615 ad
431 1542 569 1616 effeetus
588 1542 766 1617 nonnullos
780 1601 788 1631 ,
804 1559 837 1618 et
849 1545 1044 1618 nominatim
1064 1543 1107 1617 ad
1126 1542 1231 1641 prolis

125 1655 360 1755 lagitimitatem
377 1658 521 1757 pertinet
538 1657 618 1732 inde
640 1658 684 1732 ab
710 1659 806 1733 initio
827 1658 977 1733 validum
994 1675 1027 1732 et
1044 1658 1228 1757 legitimum

125 1769 222 1848 luisse
247 1788 437 1846 censeatur.

186 1886 311 1960 Verum
327 1886 385 1961 hio
403 1886 507 1961 altera
523 1890 677 1988 quaestio
701 1889 744 1963 ab
762 1888 955 1964 auctoribus
972 1888 1131 1987 agitatur,
1148 1914 1229 1961 num

127 2000 249 2077 scilicet
273 2028 414 2077 necesse
442 2004 488 2078 sit
512 2004 555 2078 ad
580 2005 645 2080 hoc
676 2021 713 2079 ιιι
737 2005 847 2080 valeat
872 2004 1001 2078 sanatio
1027 2004 1062 2075 in
1092 2000 1225 2091 radice,

126 2133 157 2192 ιιι
177 2119 271 2218 prior
294 2144 484 2194 consensus
508 2122 677 2195 moraliter
695 2137 897 2221 perseveret.
926 2123 998 2194 Non
1024 2118 1148 2194 desunt
1171 2119 1229 2219 qui

126 2232 283 2310 eiusmodi
309 2236 544 2310 necessitatem
569 2236 746 2311 adstruant
777 2239 865 2333 (30).
902 2235 1056 2310 Attamen
1082 2260 1150 2309 non
1179 2235 1231 2307 ri-

126 2345 213 2424 detur
234 2376 299 2448 per
322 2377 356 2424 aa
381 2350 465 2425 haec
482 2352 667 2426 necessitas
693 2351 845 2426 absolute
870 2351 1017 2450 requiri,
1038 2377 1115 2425 cum
1134 2348 1232 2423 sulii-

126 2461 185 2538 ciat
200 2466 296 2563 prior
319 2491 505 2540 consensus
522 2466 558 2539 in
576 2483 653 2541 actu
669 2466 872 2541 matrimonii
889 2466 1021 2540 elicitus
1038 2524 1047 2553 ,
1067 2465 1164 2540 cuius
1178 2490 1232 2538 re-

125 2575 192 2680 ipsa
216 2605 278 2680 per
304 2579 590 2681 dispensationem
610 2580 713 2656 veluti
733 2581 828 2655 radix
851 2598 1000 2655 sanatur.
1025 2580 1101 2654 Diri
1115 2607 1177 2680 per
1197 2606 1230 2653 ae

125 2707 151 2768 tt
170 2696 341 2781 ubsolam
362 2722 441 2769 nam
457 2696 488 2770 si
507 2696 543 2769 in
560 2695 724 2771 clausulis
743 2697 1008 2797 dispensationis
1026 2697 1177 2796 exigatur
1194 2712 1230 2769 ut

125 2827 245 2886 onustat
269 2810 313 2885 de
337 2811 587 2910 perseverantia
610 2811 762 2885 eiusdem
793 2838 1000 2899 consensus,
1029 2838 1071 2887 ea
1095 2811 1230 2886 omnino

125 2927 319 3027 requirenda
335 2943 399 3001 est.
427 2928 515 3000 Sane
535 2927 625 3001 hanc
641 2927 751 3025 exegit
767 2927 860 3002 card.
882 2928 1029 3028 Caprara
1052 2928 1088 3000 in
1106 2928 1231 3000 instru-

125 3041 226 3117 ctione
253 3068 357 3140 quam
387 3042 512 3116 adiecit
543 3041 758 3117 facultatibus
791 3069 877 3142 quas
913 3042 1083 3144 episcopis
1108 3040 1231 3113 Gallia·

125 3182 190 3232 rum
215 3158 478 3232 communicavit
502 3160 591 3255 (31).
620 3158 655 3230 Si
673 3158 838 3233 eiusmodi
861 3157 1013 3232 clausula
1040 3181 1107 3229 non
1131 3180 1234 3255 appo·

182 3310 235 3374 (ιιι)
251 3310 323 3361 Tales
342 3312 401 3361 sunt
420 3311 567 3362 recentiores
587 3312 742 3375 potissimum
760 3313 872 3363 auctores
889 3324 952 3375 quos
974 3310 1081 3361 recenset
1091 3308 1177 3358 auctor
1190 3307 1233 3358 cit.

125 3387 298 3442 &utteris
308 3403 363 3454 pag.
379 3397 419 3442 tt).
432 3403 520 3454 nenpe
529 3391 636 3442 Bossia
653 3390 917 3442 neocaesaraea.
931 3396 997 3441 tato.
1011 3400 1066 3452 pag.
1079 3393 1132 3438 ιιι.
1147 3384 1234 3438 rocol.

125 3467 241 3521 burano
252 3471 324 3520 tract
339 3472 467 3521 Dematr.
481 3484 537 3535 pag.
550 3475 605 3522 ott.
624 3473 685 3522 item
703 3473 769 3522 auct.
788 3484 830 3535 op.
845 3470 954 3521 Maneat
969 3467 1032 3520 d‘un
1042 3467 1125 3530 jaune
1137 3465 1235 3531 pretre.

125 3549 275 3615 Ιιιμιιιοι
293 3556 360 3600 ists.
378 3549 468 3601 itttuel
491 3550 524 3601 de
538 3549 628 3614 Balteo
645 3552 706 3601 torn.
721 3552 741 3600 1.
755 3565 780 3614 p.
794 3554 833 3602 47.
856 3549 945 3600 ltttuel
963 3546 995 3598 da
1010 3546 1154 3598 Bcrdeouc
1167 3552 1234 3597 182⁹.

125 3633 242 3695 mm.
256 3628 499 3680 Lettrcctrcutotre
515 3628 547 3680 de
569 3628 683 3694 l'eveorte
698 3628 827 3693 delitare
844 3642 899 3692 pag.
915 3634 952 3678 ιιι.
1161 3687 1164 3692 ι

183 3709 237 3771 (tr)
253 3711 316 3760 Nam
334 3721 359 3758 n.
374 3716 411 3759 te.
426 3709 461 3758 ita
473 3708 598 3772 loquitur:
613 3709 782 3760 «ordinarius
801 3709 837 3758 uti
849 3709 939 3773 poterit
955 3708 1071 3758 facultate
1088 3705 1236 3770 apostolica,

125 3789 266 3840 wriute
280 3788 382 3839 inierim
396 3788 580 3853 demandanda,
595 3789 752 3853 dispensandi
767 3789 861 3839 scilicet
877 3789 902 3839 iu
915 3788 997 3839 radice
1011 3785 1175 3848 matrimonii,
1192 3798 1235 3835 seu

125 3868 305 3919 fflmnium
319 3868 346 3917 in
362 3868 444 3919 radice
459 3869 564 3919 sanandi
569 3906 578 3933 ,
595 3872 737 3934 postquam
752 3872 839 3920 tumen
850 3883 892 3933 per
910 3868 1024 3919 indubias
1035 3868 1120 3918 saltem
1131 3864 1237 3916 duorum

125 3948 217 4000 Uim
234 3945 419 4011 depositiones,
434 3950 479 3999 aut
496 3962 540 4014 par
558 3951 683 4000 renuentis
701 3950 869 4000 testimonium
885 3949 911 3998 in
928 3948 1024 4012 scriptis
1035 3949 1179 4009 exaratum,
1195 3948 1239 3997 aut

125 4039 161 4089 rar
178 4025 293 4078 ainsdm
314 4029 475 4080 medonem
490 4030 565 4080 etiam
585 4032 698 4080 oretenus
717 4031 807 4080 lacum
826 4031 864 4080 nli
881 4028 1020 4090 ordinario,
1037 4027 1089 4078 sire
1110 4026 1180 4078 alteri
1200 4039 1237 4078 ac·

125 4106 270 4159 micae
292 4119 411 4172 persona
429 4109 460 4159 ab
477 4122 507 4160 eo
523 4109 662 4174 specialiter
672 4110 804 4174 deputatae
822 4111 846 4160 et
861 4109 887 4159 in
906 4106 1168 4172 scriptlarodigendam
1180 4119 1237 4158 eou-

125 4185 207 4238 stau
226 4199 278 4236 non
300 4185 382 4237 solum
401 4189 542 4238 munerum
559 4187 586 4238 in
601 4187 768 4240 contenenda
787 4187 907 4253 praesenti
925 4199 1082 4252 permanere,
1101 4186 1237 4238 cadelim

125 4266 264 4319 mont
283 4267 436 4319 rmnentiam
456 4267 488 4318 ab
506 4269 642 4321 extrinseca
660 4269 778 4320 eremite
795 4281 907 4330 mamre,
924 4268 1025 4319 otnitrii
1041 4280 1197 4334 umquamax
1208 4279 1238 4319 ea

125 4345 208 4399 iadsd
228 4349 273 4398 aot
289 4347 413 4413 manuni
432 4348 510 4414 possit
531 4350 619 4402 contm
637 4349 716 4414 ipsius
734 4349 838 4401 mtnatis
858 4361 991 4402 canutus
1007 4348 1231 4414 penummtirm»
