2804 5062
174 365 297 417 aneu.
309 365 348 414 ns
360 358 601 415 terensem.
613 363 676 413 nrr.
691 363 727 413 ss
739 363 800 413 ven
813 361 979 414 curcsru.
994 363 1065 414 rer.
1077 363 1112 414 ιι.
1137 336 1140 344 ’
1159 340 1228 415 tet

130 496 204 568 tum,
218 479 349 553 nulium
359 496 423 568 est,
434 477 587 579 adeoque
599 478 779 553 concidunt
791 505 879 580 quae
892 493 1120 579 superstructa
1133 496 1228 569 sunt;

128 619 162 669 eo
187 595 242 669 rel
269 595 380 692 magis
406 593 496 696 quod
521 593 715 692 provinciae
741 608 963 693 protestantes
978 588 981 593 ’
996 619 1098 692 regno
1128 590 1233 670 Bura·

127 711 190 783 riae
200 710 360 783 adiectae
371 738 438 784 non
452 710 574 784 inerint
586 709 652 782 nisi
668 725 744 810 post
757 711 804 784 ita
817 710 940 783 dictam
953 704 1229 796 restaurationem,

125 852 244 925 nempe
260 851 318 898 an.
341 827 450 897 1814.
472 850 511 898 ac
535 841 707 926 praeterea
732 825 814 900 forte
834 826 867 897 in
894 825 962 898 illis
988 826 1158 901 decretum
1176 826 1235 899 tri-
1310 912 1312 916 .

125 942 297 1014 dentinnm
324 967 391 1013 non
417 942 525 1015 iuerat
549 941 768 1042 publicatum.

191 1055 293 1142 Quae
310 1072 420 1128 autem
439 1055 482 1128 de
507 1082 545 1130 se
570 1056 645 1155 ipso
671 1057 771 1130 refert
794 1056 995 1132 Benedictus
1019 1057 1102 1129 xlv.
1125 1049 1235 1158 deque

125 1197 182 1246 sua
207 1169 436 1245 haesitatione
460 1171 495 1243 in
521 1197 577 1270 op.
606 1172 655 1244 lte
678 1172 821 1271 synodo,
854 1187 1065 1247 coarctantur
1094 1173 1138 1247 ad
1163 1169 1236 1250 solu

125 1287 339 1361 matrimonia
356 1285 555 1361 Hollandiae
572 1286 616 1361 ob
633 1287 818 1387 peculiaria
837 1287 929 1362 illius
948 1289 1096 1388 regionis
1113 1287 1235 1362 adiun-

125 1418 191 1492 cta,
219 1402 258 1475 in
283 1402 410 1503 quibus
435 1401 538 1477 etiam
562 1430 584 1476 a
607 1403 780 1477 nonnullis
811 1402 1044 1493 dubitabatur,
1077 1430 1158 1477 num
1183 1430 1237 1478 re-

126 1521 196 1621 ipsa
210 1520 247 1592 in
262 1517 407 1616 singulis
426 1519 588 1620 paroeciis
606 1519 813 1620 publicatum
831 1520 1048 1594 tridentinum
1065 1520 1235 1596 decretum

126 1635 237 1736 reipsa
263 1634 381 1723 fuerit,
409 1634 453 1708 ob
478 1649 656 1736 perpetuos
682 1634 820 1710 bellicos
846 1651 956 1711 motus
979 1637 1110 1738 quibus·
1126 1651 1236 1711 aetate

126 1749 181 1826 itte
207 1767 319 1825 stans
344 1749 504 1825 foederati
530 1751 645 1850 agitati
670 1769 775 1827 eant.

196 1867 352 1954 Accedit,
380 1893 579 1966 responsum
605 1854 872 1968 congregationis
897 1894 926 1941 s.
948 1865 1051 1942 officii
1077 1866 1234 1943 adhunc

129 1985 234 2086 ipsam
262 1983 496 2082 quaestionem
522 2009 578 2056 an.
607 1986 715 2057 1671.
744 2010 765 2056 a
791 1970 915 2059 Ioanne
945 1982 1105 2091 episcopo
1130 1972 1236 2059 casto·

129 2099 250 2187 densi,
272 2114 306 2173 et
331 2089 392 2198 per
415 2099 607 2199 provincias
632 2100 883 2175 confoederatas
901 2098 1027 2173 vicario
1049 2086 1234 2200 apostolico

129 2216 251 2294 Romae
269 2215 496 2316 propositam,
516 2214 649 2306 datum,
669 2243 791 2318 nempe
810 2219 912 2292 «Non
930 2217 1127 2305 conamine,
1142 2232 1180 2293 nt
1197 2242 1238 2293 ca

130 2332 282 2434 maestis
295 2356 316 2404 a
329 2357 359 2405 a.
372 2330 485 2405 officio
501 2331 711 2421 definiretur,
727 2358 843 2407 uerum
861 2345 1020 2406 sumeret
1036 2331 1126 2433 ipse,
1143 2330 1235 2434 quod

130 2449 279 2523 crederet
291 2446 480 2521 animarum
494 2446 560 2522 sibi
571 2446 772 2522 creditarum
786 2446 888 2522 saluti
900 2447 1044 2521 maxime
1056 2446 1236 2548 expedire»

129 2564 291 2638 umorem
304 2587 438 2636 creasse
451 2560 695 2666 difficultatem.
712 2563 796 2636 Nam
812 2589 917 2663 quum
930 2561 1111 2664 episcopus
1129 2578 1238 2637 casto-

131 2679 249 2753 nensis
263 2677 463 2751 iudicaverit
476 2693 547 2751 tum
559 2676 602 2750 nd
615 2677 792 2778 scrupulos
805 2676 1007 2776 abigendos,
1023 2691 1056 2751 et
1069 2675 1112 2751 ad
1125 2677 1237 2751 radas

134 2790 349 2867 difficultates
366 2792 540 2881 vitandas,
568 2807 640 2867 tum
656 2790 700 2866 ad
717 2791 917 2867 servandam
940 2819 1056 2894 pacem
1074 2808 1107 2869 et
1123 2793 1240 2868 catho-

132 2905 270 2985 licorum
299 2908 552 3009 persecutiones
581 2908 830 3009 praecavendas
856 2909 1036 3010 plurimum
1067 2908 1237 3010 expedire,

134 3041 163 3099 ut
190 3024 362 3099 eiusmodi
389 3024 602 3099 matrimonia
632 3039 865 3124 reputarentur
888 3024 1017 3113 valida3
1050 3025 1115 3099 hoc
1140 3051 1239 3100 suum

136 3137 293 3215 iudicium
318 3154 396 3240 post
420 3139 565 3214 reditum
590 3165 630 3215 ex
647 3139 737 3215 Urbe
765 3140 924 3241 episcopo
950 3138 1158 3237 gandavensi
1180 3165 1241 3239 per

138 3250 259 3330 litteras
297 3255 396 3330 datus
431 3254 488 3330 die
526 3257 586 3329 id.
624 3256 764 3354 Augusti
802 3281 858 3328 an.
892 3256 997 3326 1685.
1027 3269 1060 3327 et
1096 3253 1240 3329 Antonio

139 3364 283 3444 doessac
310 3369 515 3445 cathedralis
546 3370 803 3469 antwerpiensis
828 3368 1236 3442 canonicosubdie.1'1.

139 3479 290 3560 decemb.
325 3484 476 3560 eiusdem
510 3483 615 3574 anni,
643 3513 710 3559 non
744 3501 811 3559 tam
841 3484 1109 3575 commendavit,
1138 3510 1240 3586 quam

141 3599 226 3673 nixo
259 3601 432 3701 praecepit
464 3600 507 3675 ad
542 3602 672 3701 praxim
707 3599 902 3688 deducere;
939 3626 1000 3673 nec
1034 3616 1148 3675 contra
1175 3599 1241 3674 hoc

142 3730 349 3815 praeceptum
375 3715 551 3817 quidpiam
570 3742 590 3790 a
613 3742 642 3790 s.
664 3716 920 3814 congregatione
941 3714 1156 3789 reclamatum
1174 3729 1237 3801 est,

143 3821 208 3903 licet
234 3829 322 3903 illud
352 3830 461 3903 cidem
494 3831 595 3904 suerit
628 3831 925 3918 communicatum,
953 3847 991 3905 ut
1020 3830 1121 3904 reicrt
1136 3828 1241 3903 Staie-

145 3965 196 4019 nus
224 3947 316 4043 (60).
342 3945 496 4046 Denique
521 3946 702 4047 episcopus
727 3946 982 4047 antwerpiensis
1006 3945 1041 4018 in
1072 3971 1135 4019 sua
1156 3943 1242 4020 rela-

147 4055 224 4134 tione
235 4059 281 4134 nd
299 4086 329 4135 s.
346 4061 636 4159 congregationem
653 4061 696 4136 de
713 4063 807 4163 praxi
829 4087 912 4136 suae
928 4061 1122 4136 dioeceseos
1138 4060 1237 4147 data,

204 4329 256 4394 (et)
270 4331 300 4381 ln
314 4330 454 4381 Ducem.
473 4329 583 4394 theoton.
598 4330 675 4395 poltt.
691 4333 729 4382 De
744 4333 895 4383 motrtmon.
912 4329 1036 4383 meatu.
1053 4332 1189 4395 pererro.
1199 4331 1242 4378 tv.
