2804 5062
142 349 193 432 68ι
377 369 438 418 nin.
461 368 494 416 u.
516 367 601 415 sacr.
623 366 645 413 ι.
667 366 705 413 nu
725 364 849 413 rorasr.
871 361 994 412 aucuns.

143 501 271 560 constat
293 486 397 560 luisse
415 502 447 557 et
464 510 539 557 esse
557 483 780 582 paradoxum,
801 480 889 579 quod
908 478 1028 552 effutiit
1052 478 1240 566 launoius,

142 600 221 673 dum
247 600 434 685 contendit,
455 597 665 671 tridentinam
687 595 851 694 synodum
870 595 905 665 in
929 592 1083 666 adductis
1106 595 1245 667 canoru-

141 716 205 789 bus
232 716 291 787 lll.
307 732 340 788 et
357 716 408 785 lv.
430 738 543 786 vocem
566 713 715 785 ecclesiae
742 735 926 808 usurpasse
950 708 994 781 ad
1018 708 1124 783 laicos
1151 711 1245 807 prin-

142 832 233 931 cipes
259 827 510 925 significandos

214 944 331 1015 Verum
361 941 442 1041 quid
473 941 651 1014 dicendum
677 941 720 1013 de
744 940 882 1012 launoii
908 938 1125 1037 exceptione,
1147 937 1244 1037 quod

143 1056 320 1132 concilium
339 1056 373 1127 in
385 1054 516 1128 Decreto
542 1057 589 1127 De
606 1057 737 1154 reform.
758 1080 872 1128 vocem
893 1051 1056 1127 ecclesiae
1082 1051 1244 1126 adhibue-

145 1171 187 1244 rit
212 1170 246 1241 in
273 1195 375 1243 sensu
396 1168 599 1242 collectionis
622 1168 788 1241 fidelium:
818 1171 852 1239 io
877 1167 961 1265 socie
986 1164 1166 1238 ecclesiae?
1188 1165 1247 1237 lli-

144 1283 250 1355 cimus
264 1282 375 1380 reipsa
388 1281 549 1356 ecclesiae
562 1308 682 1356 nomen
696 1281 822 1382 duplici
839 1306 941 1355 sensu
958 1278 1111 1353 adhiberi
1129 1303 1244 1377 posse,

144 1414 177 1492 et
200 1423 302 1470 sensu
331 1395 583 1493 generalissimo
613 1414 645 1469 et
670 1423 773 1469 sensu
807 1394 977 1495 specifico.
1007 1393 1118 1466 Primo
1144 1418 1247 1466 sensu

144 1511 306 1585 ecclesiae
332 1512 465 1584 nomino
490 1509 698 1608 significatur
715 1510 864 1583 fidelium
882 1509 1031 1582 omnium
1050 1524 1166 1582 coetus
1183 1505 1247 1581 sub

146 1625 337 1726 pastoribus
363 1625 457 1710 suis;
487 1625 661 1724 posteriori
686 1652 763 1699 vero
790 1650 893 1698 sensu
916 1649 956 1696 ac
980 1621 1082 1696 veluti
1108 1637 1248 1697 antono-

145 1742 283 1814 mastice
296 1740 388 1814 solus
403 1740 612 1837 significatur
629 1757 799 1840 pastorum
820 1756 952 1826 coetus,
970 1764 1030 1811 seu
1045 1736 1248 1812 ecclesiasti·

145 1884 204 1931 cus
218 1856 309 1930 ordo.
323 1855 369 1928 Ex
385 1854 552 1929 substrata
567 1854 704 1954 proinde
717 1855 856 1927 materia
868 1852 1019 1951 dignosci
1037 1851 1153 1940 debet,
1175 1867 1249 1926 utro

146 2000 248 2046 sensu
269 1972 430 2046 ecclesiae
450 1999 513 2045 vox
530 1972 682 2045 adhibita
699 1973 760 2059 sit,
781 1986 838 2044 aut
859 1969 1067 2042 adhibeatur.
1084 1968 1119 2040 Si
1138 1992 1249 2055 sermo

147 2089 192 2158 sit
209 2086 250 2159 de
267 2087 331 2171 iis,
352 2112 438 2185 quae
454 2087 497 2157 ad
515 2087 782 2160 communitatem
801 2084 948 2158 fidelium
971 2097 1138 2183 spectant,
1159 2082 1249 2158 illico

147 2199 407 2298 deprehenditur
424 2200 531 2273 latiori
555 2201 797 2298 significatione
821 2198 983 2273 ecclesiae
1005 2223 1126 2271 nomen
1150 2224 1249 2272 usur-

149 2314 239 2413 pari;
261 2314 384 2387 sivero
402 2315 447 2387 sit
467 2339 576 2387 sermo
593 2314 635 2386 de
651 2314 797 2399 muniis,
822 2339 908 2413 quae
928 2312 971 2385 ad
988 2311 1078 2387 solos
1097 2329 1249 2412 pastores

147 2427 330 2525 pertinent,
363 2427 549 2501 cuiusmodi
579 2444 692 2501 essent
712 2429 850 2513 docere,
878 2429 1086 2527 praecipere,
1113 2454 1246 2526 regere,

148 2556 279 2626 vetare,
317 2541 515 2614 constituero
545 2558 606 2614 etc.
636 2543 679 2613 ad
705 2542 810 2615 solum
843 2543 1087 2617 hierarchicum
1119 2561 1248 2630 coetum

148 2652 392 2750 designandum
416 2682 528 2729 vocem
551 2657 688 2730 eandem
714 2659 873 2732 coarctari
899 2659 1112 2759 perspicuum
1139 2676 1204 2734 est.

220 2768 289 2843 llas
303 2770 393 2843 vocis
407 2770 567 2844 ecclesiae
580 2771 728 2845 diversas
743 2774 1005 2870 significationes
1023 2773 1152 2846 iamdiu
1169 2801 1248 2848 can·

148 2881 303 2956 cellarius
330 2884 525 2980 parisiensis
551 2886 728 2960 Gersonius
756 2888 1050 2974 animadverterat,
1080 2889 1140 2987 qui
1169 2889 1249 2963 Coo·

148 2997 341 3070 sideratione
365 2999 433 3070 III.
451 3001 497 3071 Ile
515 3003 682 3098 regiminis
695 3004 889 3102 perfectione
910 3003 992 3077 haec
1011 3002 1131 3077 hahet:
1156 3005 1249 3077 «Ec-

150 3113 252 3186 clesia
277 3112 444 3210 significat
468 3114 696 3213 principaliter
717 3116 937 3190 universalem
958 3118 1247 3215 congregationem

151 3228 357 3302 fidelium...
370 3229 494 3303 Nomen
513 3248 622 3304 tamen
642 3232 731 3305 istud
751 3233 899 3329 vulgaris
917 3260 999 3307 usus
1017 3234 1189 3307 restrinxit
1205 3235 1247 3309 ad

150 3341 273 3415 clerum
302 3348 397 3440 (8h)»
413 3362 445 3418 et
462 3345 563 3418 alibi:
590 3377 607 3415 <r
624 3347 781 3432 Quamvis
812 3347 930 3421 domus
956 3349 1021 3422 ista
1053 3352 1065 3443 (
1077 3348 1243 3445 ecclesia)

151 3456 194 3529 sit
218 3460 413 3551 generaliter
435 3463 581 3534 omnium
599 3463 632 3534 in
650 3490 717 3535 una
736 3490 814 3535 vera
840 3463 963 3536 Christi
989 3464 1054 3537 lide
1079 3464 1247 3537 coaduna-

150 3586 276 3655 torum,
308 3573 470 3646 usitatiori
503 3592 613 3647 tamen
645 3577 777 3649 nornine
807 3577 956 3662 illorum,
985 3580 1081 3678 quasi
1108 3595 1247 3652 antono-

151 3686 307 3773 mastice,
336 3685 477 3775 dicitur,
505 3717 589 3789 quos
614 3691 716 3765 duces
742 3693 776 3764 in
801 3720 856 3781 ea,
885 3695 1060 3782 custodes,
1077 3710 1111 3767 et
1127 3721 1247 3794 specu·

151 3799 270 3876 latores
293 3830 442 3879 summus
466 3806 703 3903 paterfamilias
728 3809 890 3896 instituit,
919 3810 1007 3884 unde
1031 3835 1108 3898 eos,
1129 3826 1163 3884 et
1180 3834 1246 3882 non

151 3915 199 3987 sic
225 3919 350 4015 passim
376 3918 476 4006 alios,
497 3919 740 3995 ecclesiasticos
762 3923 969 4023 appellamus
991 3927 1106 4019 (86).'n

224 4136 273 4196 (tta)
288 4140 350 4201 opp.
362 4139 400 4189 ed.
411 4144 532 4206 antwerp.
545 4144 610 4192 t7tto.
620 4143 679 4192 tom.
689 4145 720 4193 lt.
732 4144 779 4194 col.
792 4151 846 4195 ott.

181 4294 187 4341 1
222 4215 272 4276 (to)
286 4218 365 4266 snm.
387 4222 414 4269 tu
437 4222 656 4271 Domtrrtc.X1X.
677 4225 735 4284 poet
757 4225 897 4273 Pentecost.
919 4224 978 4273 tert.
999 4222 1096 4275 constet.
1114 4225 1175 4274 tom.
1202 4225 1246 4273 ΙΙΙ.

122 4335 127 4345 .
150 4306 196 4343 co.
212 4300 276 4346 1300.
