2804 5062
292 397 360 446 mr.
381 397 410 446 ι.,
428 396 503 447 oen.
519 394 592 449 mm
609 398 735 450 ιοιιιι.
753 399 878 451 seems.
895 402 966 452 ιιι.
982 404 1005 452 ι.
1163 387 1205 457 11

174 513 225 591 th
248 511 304 586 leis
327 512 528 612 singillatim
555 514 737 590 ailerendia
761 515 993 606 abstinemus,
1013 544 1089 592 oum
1109 523 1209 598 nobis

101 631 141 699 in
154 628 480 727 praesenti-articulo
496 630 598 704 unice
611 631 819 731 propositum
837 633 939 708 luerit
958 635 1135 710 ostendere
1150 665 1208 737 ge-

101 745 253 830 nerudm,
272 743 457 819 ecclesiam
475 762 545 819 tum
568 746 731 821 diuinitus
749 747 893 838 habere,
914 766 984 823 tum
1002 751 1125 850 ingiter
1141 753 1208 827 siut

96 859 247 934 divino
237 884 312 935 rue
337 859 374 933 in
393 859 661 989 eldstimomm
686 863 855 1021 coniugia
876 869 1073 965 potestatem
1097 867 1211 943 vindi-

97 999 207 1047 casse.
1001 1012 1004 1017 ·

524 1145 735 1217 narremus
755 1147 792 1202 ιι.
859 1110 862 1116 ’
946 1099 950 1106 ’

139 1277 272 1340 Potestas
295 1276 440 1363 Ecateslae
459 1281 491 1339 in
512 1273 731 1344 Matdmoulum
752 1282 943 1369 christianum
962 1299 1098 1363 suprema
1117 1291 1162 1347 cst

532 1384 562 1438 et
574 1379 784 1456 independens.

170 1570 321 1672 Optima
326 1571 411 1645 notio
429 1571 649 1670 dignoscendi
676 1587 829 1646 naturam
855 1575 1031 1675 potestatis
1048 1574 1211 1650 ecclesie·
1286 1663 1291 1674 ¹

99 1688 225 1776 stioae,
252 1687 298 1761 de
322 1712 392 1788 qua
416 1686 633 1777 disserimus,
661 1705 713 1763 est
737 1675 956 1788 diligenter
946 1691 1114 1791 inspicere
1138 1704 1211 1766 ma·

101 1803 214 1877 teriam
238 1803 328 1877 circa
345 1828 447 1902 quam
468 1820 637 1891 versatur,
658 1818 691 1878 et
708 1805 845 1908 madum
868 1830 935 1904 quo
953 1806 988 1878 in
1006 1805 1134 1907 praxim
1151 1805 1211 1879 de·

100 1917 200 1990 ductu
214 1932 280 1991 est.
297 1916 331 1989 si
350 1917 441 1990 euim
454 1917 594 1990 materia
615 1918 711 2017 ipsa,
736 1933 850 2015 utpote
868 1916 1053 2017 spiritualis
1074 1917 1213 1993 omniuo

104 2047 138 2102 et
161 2055 272 2118 sacru,
296 2056 488 2132 supremam
514 2050 548 2104 et
572 2030 855 2132 independentcm
879 2030 1041 2106 ecclcsiae
1066 2044 1212 2133 poteste-

105 2164 168 2219 tem
187 2163 303 2249 suapte
325 2163 448 2221 nature
471 2148 643 2250 requiret,
674 2147 704 2221 si
731 2148 873 2252 enclesis
891 2165 911 2222 'a
928 2149 1001 2223 suis
1017 2174 1127 2249 usque
1144 2148 1213 2222 ini·-

101 2263 157 2335 tiis
182 2261 247 2336 hoo
272 2262 373 2362 plane
398 2287 503 2336 sensu
528 2263 603 2335 sine
627 2262 699 2337 ulls
723 2286 862 2363 prorsus
887 2262 1112 2362 dependentia
1136 2286 1211 2336 cum

101 2493 225 2578 cuerit,
254 2493 404 2592 proiecto
433 2517 532 2566 nemo
566 2492 699 2566 inficias
725 2492 788 2566 ibit
811 2490 977 2566 eiusmodi
1013 2502 1209 2593 potestatem

102 2606 170 2680 iure
196 2607 384 2708 meritoque
408 2605 476 2679 dici
502 2606 781 2708 independentem
807 2620 908 2705 atque
930 2630 1133 2706 supremum.

172 2723 215 2796 dt
230 2748 332 2812 aem,
352 2723 382 2796 si
400 2723 510 2822 primo
534 2723 707 2797 materiam
735 2723 824 2796 circe
848 2748 949 2823 quam
975 2737 1123 2824 potestas
1138 2744 1211 2795 uer·

103 2853 196 2911 setar
222 2838 466 2939 inspiciamus,
494 2863 533 2911 ea
558 2851 610 2911 est
634 2837 883 2912 matrimonium
909 2836 1130 2910 christianum
1153 2860 1212 2911 ve-

104 2980 174 3026 rum
191 2953 436 3056 propriumque
453 2968 711 3027 sacramentum.
728 2953 817 3026 Huic
829 2951 1045 3025 fundamento
1061 2965 1210 3052 potestas

102 3067 264 3142 eeclesiae
287 3094 396 3167 eaque
422 3093 580 3168 suprema
604 3084 638 3142 et
663 3066 892 3168 independens
917 3067 1083 3140 innititur.
1101 3062 1210 3138 Semel

103 3209 142 3254 sc
167 3183 380 3312 coniugium,
412 3183 502 3283 quod
534 3200 631 3256 antea
665 3183 700 3255 in
733 3183 880 3258 officium
914 3197 1074 3266 naturae,
1107 3203 1146 3251 ac
1177 3177 1214 3252 si

105 3295 263 3395 placet,
252 3324 289 3368 ιιι
315 3297 485 3371 societatis
512 3297 639 3371 bonurn
669 3298 886 3371 constitutum
911 3308 1003 3381 erat,
1033 3292 1077 3366 ad
1102 3294 1215 3367 sacra-⁹

103 3414 202 3485 menti
220 3413 418 3511 dignitatem
435 3428 586 3488 evectum
603 3428 675 3498 est,
692 3438 731 3486 eo
745 3413 822 3512 ipso
835 3410 989 3483 Christus
1001 3409 1213 3483 Deus-homo

102 3551 139 3599 ac
169 3552 351 3628 supremus
380 3528 544 3602 Dominus
577 3528 651 3600 sine
684 3525 753 3599 ulla
784 3549 923 3626 prorsus
948 3524 990 3599 sb
1015 3522 1211 3598 hominibus

102 3640 362 3740 dependentia
353 3669 388 3713 ιιι
414 3657 481 3716 tota
507 3667 569 3715 sua
594 3639 803 3741 plenitudine
828 3664 1019 3740 supremam
1050 3636 1214 3716 ecelesiae

102 3780 184 3828 suse
200 3771 398 3856 potestatem
416 3754 555 3830 contulit
573 3757 607 3826 in
626 3769 871 3830 sacramentum
890 3751 1106 3836 matrimonii,
1120 3747 1213 3849 quod

103 3869 176 3968 ipso
201 3871 360 3944 instituit.

172 3986 338 4059 Nimirum
359 3987 476 4060 eadem
502 3987 631 4061 ratione
656 3985 819 4060 ecclesiae
839 3983 1057 4058 commissum
1075 3997 1128 4057 est
1144 4007 1213 4054 me-

104 4101 249 4175 trimoaii
275 4118 543 4189 sacramentum,
573 4126 643 4203 que
665 4117 775 4175 cetera
801 4113 1010 4175 sacramenta
1033 4097 1144 4171 eidem
1161 4111 1216 4171 e'c·

100 4215 226 4291 elesino
251 4217 521 4294 administranda
542 4219 724 4327 commisso
733 4222 846 4304 'suut;
874 4216 1004 4293 scilieet
1020 4230 1061 4288 ea
1078 4227 1130 4289 est
1145 4211 1216 4291 atl-

100 4331 167 4408 lata
191 4358 351 4436 suprema
375 4350 545 4436 potestas,
574 4348 669 4436 quae
703 4333 898 4410 detestatio
928 4330 1153 4434 requiritur,
1171 4320 1216 4402 ut
