2804 5062
143 350 215 424 itit
383 371 445 424 uu.
466 369 502 421 u.
522 369 610 422 socr.
631 369 654 421 r.
675 369 716 421 or
734 367 859 420 rorum.
880 365 1007 420 manns.

141 492 379 566 sacamentum
394 489 553 565 definitur
572 492 638 586 (i),
658 488 809 589 adeoque
827 486 893 561 tale
909 483 1011 561 etiam
1030 487 1121 560 inter
1144 487 1258 563 heem-

140 607 225 681 ticos
242 632 319 682 esse
335 606 456 693 debet,
483 603 616 679 etiamsi
642 628 758 677 eorum
784 600 883 703 culpa
908 602 1080 677 eiusmodi
1107 604 1257 691 nonsit,

141 722 232 823 quod
250 722 318 822 ipsi
343 720 490 795 invalide
511 719 726 821 contrahunt.
744 718 828 791 Cum
845 716 988 818 proinde
1013 717 1059 792 ob
1076 718 1173 816 leges
1191 744 1259 799 me

142 837 336 910 trimonium
353 835 522 909 irritantes
537 836 665 909 nullum
688 836 733 909 sit
749 831 841 934 apu'd
857 833 1047 909 haereticos
1066 860 1259 910 sacramen·

142 969 233 1042 tum,
263 953 327 1026 ho'c'
351 953 427 1053 ipso
451 951 566 1026 nullus
590 952 644 1026 est
668 967 858 1026 contractus
889 951 963 1026 sive
995 951 1165 1026 naturalis
1191 953 1259 1027 sire

143 1068 267 1142 civilis.
332 1068 335 1074 ’
762 1065 766 1072 ’

214 1184 331 1283 Neque
363 1199 475 1256 tamen
503 1183 653 1258 indidem
685 1185 839 1284 sequitur
867 1184 981 1258 omnia
1011 1183 1259 1258 haereticorum

143 1297 301 1395 coniugia
324 1296 473 1371 invalida
497 1323 597 1385 esse;
625 1298 749 1370 etenim
775 1297 835 1371 illa
860 1299 969 1373 solum
996 1294 1153 1373 inralida
1183 1313 1259 1375 sunt

143 1410 314 1486 censenda
334 1438 374 1485 ac
399 1412 512 1512 reipsa
536 1413 631 1485 irrita
655 1428 757 1500 sunt,
786 1438 875 1513 quae
903 1413 1063 1487 ineuntur
1093 1438 1175 1488 cum
1200 1412 1259 1488 ali·

143 1551 211 1627 quo
238 1524 479 1625 impedimento
512 1525 714 1615 dirimente,
744 1542 854 1601 cetera
884 1552 964 1601 vero
993 1553 1063 1601 non
1094 1528 1191 1601 item.
1222 1528 1259 1602 iit

143 1638 257 1740 reipsa
280 1639 424 1713 ecclesia
448 1639 581 1714 illorum
599 1641 756 1739 coniugia
779 1643 971 1716 constanter
995 1641 1118 1716 habuit
1144 1643 1194 1716 uti
1214 1640 1259 1717 le-

143 1755 272 1853 gitima.
303 1753 593 1830 calumniarentur
623 1755 749 1831 idcirco
779 1755 983 1845 ecclesiam,
1018 1756 1079 1856 qui
1113 1757 1259 1831 affirme-

142 1888 217 1945 rent
245 1897 319 1944 eam
349 1897 411 1945 ceu
442 1872 579 1946 totidem
615 1872 878 1960 concubinatus,
912 1897 973 1946 seu
1003 1873 1259 1949 coniunctiones

143 1986 341 2062 semicurias
362 2005 514 2088 spectare
527 1989 769 2064 haereticorum
782 1989 951 2086 coniugia.
969 1989 1076 2062 lmmo
1088 1990 1173 2064 Pius
1184 1990 1256 2063 vii.

143 2102 286 2203 positive
311 2104 468 2204 reprobat
492 2105 624 2180 illorum
651 2105 851 2179 sententiam
877 2105 937 2205 qui
966 2103 1126 2178 effutiunt
1155 2100 1259 2179 «mess

143 2218 302 2294 trimonia
320 2219 570 2294 ¹haereticorum
584 2246 697 2294 coram
713 2220 867 2295 ministm
893 2219 1081 2294 acatholico
1103 2220 1191 2294 inita
1207 2244 1259 2320 ge-

144 2336 285 2408 neratim
310 2336 404 2410 nulla
427 2339 505 2411 esse
520 2340 622 2434 (i).»

219 2449 311 2523 llaec
331 2450 375 2523 de
401 2451 625 2526 matrimoniis
650 2451 893 2525 haereticorum
913 2451 1003 2524 inter
1027 2450 1066 2524 se
1091 2450 1259 2539 relatced

145 2564 386 2661 impedimenta
411 2567 602 2664 inponere,
631 2565 831 2641 brevissimo
853 2564 918 2638 hoc
939 2564 1082 2638 articulo
1109 2566 1259 2639 innuisse

145 2677 312 2751 sufficiat:
343 2685 382 2752 ¹at
410 2681 606 2754 nominatim
633 2680 724 2781 quod
757 2680 877 2753 attinet
908 2679 952 2752 ad
983 2680 1259 2779 impedimentum

146 2792 426 2868 clandestiuitatis
449 2822 577 2870 acone.
603 2797 783 2872 tridentino
809 2796 1031 2871 constitutum
1051 2823 1119 2871 non
1135 2798 1256 2885 brevis,

146 2934 256 3009 neque
276 2911 413 2984 omnino
433 2911 543 2987 facilis
564 2914 628 2986 erit
644 2911 868 3014 disceptatio,
892 2937 995 3012 quam
1019 2911 1194 2989 distinctis
1211 2937 1259 2987 ar·

147 3022 260 3098 ticulis
285 3023 482 3101 solvendam
508 3028 734 3127 aggredimur.

582 3243 791 3301 ARTlCULUS
811 3245 847 3299 ll.

148 3425 328 3492 Nominatim
348 3432 446 3509 quoad
472 3433 710 3512 impedimentum
733 3433 1001 3513 clandestiniiatis,
1029 3439 1165 3512 quaestio
1194 3452 1254 3498 ene-

223 3526 309 3588 dotur
327 3530 469 3591 iuridica:
493 3548 530 3592 an
553 3532 733 3593 clandestina
758 3531 948 3593 Matrimonia
972 3533 1035 3593 sive
1060 3537 1179 3612 mixta,
1201 3536 1255 3596 site

222 3624 434 3722 haereticorum
454 3630 513 3688 sint
534 3618 626 3722 iriita.

217 3819 393 3893 Decretum
419 3819 635 3894 tridentinum
665 3822 809 3895 Tametsi
822 3827 929 3917 (sess.
947 3823 1058 3893 xxiv.
1079 3850 1157 3923 cap.
1176 3825 1202 3896 i.
1222 3821 1259 3896 de

147 3934 207 4007 mi.
229 3934 375 4010 matrim.
392 3939 428 4031 l,
447 3935 491 4009 de
504 3961 572 4035 quo
585 3936 619 4009 in
643 3936 744 4035 priori
766 3936 850 4011 libro
864 3936 930 4009 lata
951 3938 1082 4034 egimus
1106 3961 1257 4037 magnam

147 4049 183 4126 in
204 4048 415 4146 legislatione
436 4051 480 4125 de
502 4052 714 4127 matrimonio
731 4053 917 4126 christiano
939 4054 1160 4130 mutationem
1175 4055 1258 4130 inie-

214 4240 249 4303 (a)
265 4242 293 4290 in
308 4255 362 4306 cap.
382 4243 485 4301 Quanto
499 4242 542 4293 lib.
555 4245 598 4294 lv.
612 4242 742 4293 Decreiai.
755 4243 792 4293 tii.
814 4245 881 4292 iiix.
892 4247 914 4294 7.

214 4319 249 4384 (t)
266 4323 295 4373 in
312 4320 417 4388 eierato
433 4323 502 4377 brevi
518 4321 550 4376 ed
566 4323 674 4390 archiep.
692 4323 863 4388 moguntirmm
879 4323 927 4375 loe.
944 4323 986 4374 cit.
1001 4335 1026 4389 p.
1039 4327 1079 4374 ei.
