<?xml version="1.0" encoding="UTF-8"?>
<!DOCTYPE html PUBLIC "-//W3C//DTD XHTML 1.0 Transitional//EN"
    "http://www.w3.org/TR/xhtml1/DTD/xhtml1-transitional.dtd">
<html xmlns="http://www.w3.org/1999/xhtml" xml:lang="en" lang="en">
 <head>
  <title>
</title>
<meta http-equiv="Content-Type" content="text/html;charset=utf-8" />
  <meta name='ocr-system' content='tesseract 3.04.00' />
  <meta name='ocr-capabilities' content='ocr_page ocr_carea ocr_par ocr_line ocrx_word'/>
</head>
<body>
  <div class='ocr_page' id='page_1' title='image "./dematrimoniochr02perrgoog_0391.png"; bbox 0 0 2804 5062; ppageno 0'>
   <div class='ocr_carea' id='block_1_1' title="bbox 239 369 1357 4416">
    <p class='ocr_par' dir='ltr' id='par_1_1' title="bbox 239 369 1357 4416">
     <span class='ocr_line' id='line_1_1' title="bbox 242 369 1218 445; baseline 0.001 -2"><span class='ocrx_word' id='word_1_1' title='bbox 242 369 321 443; x_wconf 67' lang='lat' dir='ltr'><strong>hil·</strong></span> <span class='ocrx_word' id='word_1_2' title='bbox 418 387 494 444; x_wconf 76' lang='lat' dir='ltr'><strong>ms.</strong></span> <span class='ocrx_word' id='word_1_3' title='bbox 514 388 551 445; x_wconf 86' lang='lat' dir='ltr'><strong>tr.</strong></span> <span class='ocrx_word' id='word_1_4' title='bbox 570 386 658 443; x_wconf 82' lang='lat' dir='ltr'><strong>ster.</strong></span> <span class='ocrx_word' id='word_1_5' title='bbox 678 388 808 443; x_wconf 79' lang='lat' dir='ltr'><strong>turma.</strong></span> <span class='ocrx_word' id='word_1_6' title='bbox 827 389 871 442; x_wconf 83' lang='lat' dir='ltr'><strong>ss</strong></span> <span class='ocrx_word' id='word_1_7' title='bbox 887 386 1014 442; x_wconf 73' lang='lat' dir='ltr'><strong>marr.</strong></span> <span class='ocrx_word' id='word_1_8' title='bbox 1033 376 1169 444; x_wconf 64' lang='lat' dir='ltr'><strong>cratae1</strong></span> <span class='ocrx_word' id='word_1_9' title='bbox 1215 388 1218 395; x_wconf 83' lang='grc'><strong>’</strong></span> 
     </span>
     <span class='ocr_line' id='line_1_2' title="bbox 239 499 1357 612; baseline -0.003 -25"><span class='ocrx_word' id='word_1_10' title='bbox 239 509 319 587; x_wconf 84' lang='lat' dir='ltr'><strong>dem·</strong></span> <span class='ocrx_word' id='word_1_11' title='bbox 327 505 513 586; x_wconf 80' lang='lat' dir='ltr'><strong>indebitum</strong></span> <span class='ocrx_word' id='word_1_12' title='bbox 525 566 534 600; x_wconf 93' lang='lat'><strong>,</strong></span> <span class='ocrx_word' id='word_1_13' title='bbox 556 507 617 586; x_wconf 82' lang='lat' dir='ltr'><strong>sed</strong></span> <span class='ocrx_word' id='word_1_14' title='bbox 636 509 728 612; x_wconf 88' lang='lat' dir='ltr'><strong>quod</strong></span> <span class='ocrx_word' id='word_1_15' title='bbox 741 524 856 610; x_wconf 83' lang='lat' dir='ltr'><strong>posset</strong></span> <span class='ocrx_word' id='word_1_16' title='bbox 868 499 1033 598; x_wconf 58' lang='lat' dir='ltr'><strong>*sedenim</strong></span> <span class='ocrx_word' id='word_1_17' title='bbox 1048 534 1090 584; x_wconf 81' lang='lat' dir='ltr'><strong>ex</strong></span> <span class='ocrx_word' id='word_1_18' title='bbox 1102 509 1260 584; x_wconf 75' lang='lat' dir='ltr'><strong>omnium</strong></span> <span class='ocrx_word' id='word_1_19' title='bbox 1276 530 1357 584; x_wconf 72' lang='grc' dir='ltr'><strong>ωη-</strong></span> 
     </span>
     <span class='ocr_line' id='line_1_3' title="bbox 242 615 1353 715; baseline -0.002 -13"><span class='ocrx_word' id='word_1_20' title='bbox 242 621 354 715; x_wconf 76' lang='lat' dir='ltr'><strong>lasso,</strong></span> <span class='ocrx_word' id='word_1_21' title='bbox 377 625 445 707; x_wconf 88' lang='lat' dir='ltr'><strong>illis</strong></span> <span class='ocrx_word' id='word_1_22' title='bbox 465 620 608 702; x_wconf 85' lang='lat' dir='ltr'><strong>donare:</strong></span> <span class='ocrx_word' id='word_1_23' title='bbox 624 625 664 699; x_wconf 85' lang='lat' dir='ltr'><strong>¹si</strong></span> <span class='ocrx_word' id='word_1_24' title='bbox 683 616 799 700; x_wconf 86' lang='lat' dir='ltr'><strong>eontra</strong></span> <span class='ocrx_word' id='word_1_25' title='bbox 816 615 905 701; x_wconf 87' lang='lat' dir='ltr'><strong>lalsa</strong></span> <span class='ocrx_word' id='word_1_26' title='bbox 923 622 970 700; x_wconf 89' lang='lat' dir='ltr'><strong>sit</strong></span> <span class='ocrx_word' id='word_1_27' title='bbox 988 624 1262 701; x_wconf 75' lang='lat' dir='ltr'><strong>adversariorum</strong></span> <span class='ocrx_word' id='word_1_28' title='bbox 1282 650 1353 700; x_wconf 88' lang='lat' dir='ltr'><strong>sen·</strong></span> 
     </span>
     <span class='ocr_line' id='line_1_4' title="bbox 242 736 1347 844; baseline -0.001 -26"><span class='ocrx_word' id='word_1_29' title='bbox 242 737 345 818; x_wconf 80' lang='lat' dir='ltr'><strong>tentis</strong></span> <span class='ocrx_word' id='word_1_30' title='bbox 357 757 392 816; x_wconf 94' lang='lat' dir='ltr'><strong>et</strong></span> <span class='ocrx_word' id='word_1_31' title='bbox 403 756 555 819; x_wconf 85' lang='lat' dir='ltr'><strong>teneatur</strong></span> <span class='ocrx_word' id='word_1_32' title='bbox 567 736 602 814; x_wconf 90' lang='lat' dir='ltr'><strong>in</strong></span> <span class='ocrx_word' id='word_1_33' title='bbox 615 741 722 844; x_wconf 79' lang='lat' dir='ltr'><strong>praxi,</strong></span> <span class='ocrx_word' id='word_1_34' title='bbox 735 739 948 842; x_wconf 83' lang='lat' dir='ltr'><strong>principibus</strong></span> <span class='ocrx_word' id='word_1_35' title='bbox 958 740 1102 842; x_wconf 86' lang='lat' dir='ltr'><strong>eripitur</strong></span> <span class='ocrx_word' id='word_1_36' title='bbox 1112 740 1169 815; x_wconf 91' lang='lat' dir='ltr'><strong>ius</strong></span> <span class='ocrx_word' id='word_1_37' title='bbox 1187 742 1347 828; x_wconf 77' lang='lat' dir='ltr'><strong>nativum,</strong></span> 
     </span>
     <span class='ocr_line' id='line_1_5' title="bbox 242 853 1350 957; baseline 0.002 -28"><span class='ocrx_word' id='word_1_38' title='bbox 242 856 297 933; x_wconf 84' lang='lat' dir='ltr'><strong>ius</strong></span> <span class='ocrx_word' id='word_1_39' title='bbox 318 855 517 945; x_wconf 87' lang='lat' dir='ltr'><strong>essentiele,</strong></span> <span class='ocrx_word' id='word_1_40' title='bbox 534 856 590 930; x_wconf 91' lang='lat' dir='ltr'><strong>ius</strong></span> <span class='ocrx_word' id='word_1_41' title='bbox 606 855 691 957; x_wconf 90' lang='lat' dir='ltr'><strong>ipsis</strong></span> <span class='ocrx_word' id='word_1_42' title='bbox 708 881 730 931; x_wconf 87' lang='lat' dir='ltr'><strong>a</strong></span> <span class='ocrx_word' id='word_1_43' title='bbox 745 855 816 931; x_wconf 76' lang='lat' dir='ltr'><strong>lieo</strong></span> <span class='ocrx_word' id='word_1_44' title='bbox 831 879 1030 932; x_wconf 88' lang='lat' dir='ltr'><strong>eoncessum</strong></span> <span class='ocrx_word' id='word_1_45' title='bbox 1043 856 1087 930; x_wconf 89' lang='lat' dir='ltr'><strong>ad</strong></span> <span class='ocrx_word' id='word_1_46' title='bbox 1101 853 1281 931; x_wconf 78' lang='lat' dir='ltr'><strong>tuitionem</strong></span> <span class='ocrx_word' id='word_1_47' title='bbox 1298 881 1350 931; x_wconf 88' lang='lat' dir='ltr'><strong>se-</strong></span> 
     </span>
     <span class='ocr_line' id='line_1_6' title="bbox 243 966 1349 1060; baseline -0.003 -12"><span class='ocrx_word' id='word_1_48' title='bbox 243 966 386 1048; x_wconf 81' lang='lat' dir='ltr'><strong>cietetis.</strong></span> <span class='ocrx_word' id='word_1_49' title='bbox 412 974 447 1046; x_wconf 83' lang='lat'><strong>2.</strong></span> <span class='ocrx_word' id='word_1_50' title='bbox 468 966 590 1059; x_wconf 76' lang='lat' dir='ltr'><strong>Quoad</strong></span> <span class='ocrx_word' id='word_1_51' title='bbox 609 970 807 1052; x_wconf 87' lang='lat' dir='ltr'><strong>eeclesiam:</strong></span> <span class='ocrx_word' id='word_1_52' title='bbox 829 971 998 1046; x_wconf 90' lang='lat' dir='ltr'><strong>innostra</strong></span> <span class='ocrx_word' id='word_1_53' title='bbox 1014 971 1201 1060; x_wconf 70' lang='lat' dir='ltr'><strong>metentis,</strong></span> <span class='ocrx_word' id='word_1_54' title='bbox 1222 971 1253 1045; x_wconf 90' lang='lat' dir='ltr'><strong>si</strong></span> <span class='ocrx_word' id='word_1_55' title='bbox 1270 970 1349 1045; x_wconf 80' lang='lat' dir='ltr'><strong>false</strong></span> 
     </span>
     <span class='ocr_line' id='line_1_7' title="bbox 242 1080 1349 1188; baseline -0.002 -27"><span class='ocrx_word' id='word_1_56' title='bbox 242 1084 319 1174; x_wconf 79' lang='lat' dir='ltr'><strong>sit,</strong></span> <span class='ocrx_word' id='word_1_57' title='bbox 334 1083 409 1161; x_wconf 79' lang='lat' dir='ltr'><strong>inre</strong></span> <span class='ocrx_word' id='word_1_58' title='bbox 426 1080 582 1161; x_wconf 76' lang='lat' dir='ltr'><strong>fruuntur</strong></span> <span class='ocrx_word' id='word_1_59' title='bbox 599 1081 770 1186; x_wconf 90' lang='lat' dir='ltr'><strong>principes</strong></span> <span class='ocrx_word' id='word_1_60' title='bbox 796 1083 905 1160; x_wconf 89' lang='lat' dir='ltr'><strong>solius</strong></span> <span class='ocrx_word' id='word_1_61' title='bbox 926 1084 1092 1160; x_wconf 86' lang='lat' dir='ltr'><strong>ecelesiae</strong></span> <span class='ocrx_word' id='word_1_62' title='bbox 1117 1085 1278 1188; x_wconf 89' lang='lat' dir='ltr'><strong>proprie,</strong></span> <span class='ocrx_word' id='word_1_63' title='bbox 1307 1085 1349 1159; x_wconf 83' lang='lat' dir='ltr'><strong>ita</strong></span> 
     </span>
     <span class='ocr_line' id='line_1_8' title="bbox 241 1196 1348 1301; baseline -0.002 -25"><span class='ocrx_word' id='word_1_64' title='bbox 241 1197 370 1289; x_wconf 83' lang='lat' dir='ltr'><strong>temen,</strong></span> <span class='ocrx_word' id='word_1_65' title='bbox 392 1216 434 1276; x_wconf 91' lang='lat' dir='ltr'><strong>ut</strong></span> <span class='ocrx_word' id='word_1_66' title='bbox 451 1196 572 1277; x_wconf 83' lang='lat' dir='ltr'><strong>erihde</strong></span> <span class='ocrx_word' id='word_1_67' title='bbox 593 1225 660 1275; x_wconf 93' lang='lat' dir='ltr'><strong>non</strong></span> <span class='ocrx_word' id='word_1_68' title='bbox 681 1198 816 1275; x_wconf 88' lang='lat' dir='ltr'><strong>tolletur</strong></span> <span class='ocrx_word' id='word_1_69' title='bbox 838 1216 898 1276; x_wconf 90' lang='lat' dir='ltr'><strong>ant</strong></span> <span class='ocrx_word' id='word_1_70' title='bbox 920 1200 1127 1301; x_wconf 80' lang='lat' dir='ltr'>impediatur</span> <span class='ocrx_word' id='word_1_71' title='bbox 1153 1202 1348 1276; x_wconf 72' lang='lat' dir='ltr'>exercitium</span> 
     </span>
     <span class='ocr_line' id='line_1_9' title="bbox 241 1312 1350 1419; baseline -0.001 -28"><span class='ocrx_word' id='word_1_72' title='bbox 241 1315 449 1391; x_wconf 61' lang='lat' dir='ltr'><strong>emorimur</strong></span> <span class='ocrx_word' id='word_1_73' title='bbox 463 1314 738 1404; x_wconf 66' lang='lat' dir='ltr'><strong>&#39;ecelesimtieaet</strong></span> <span class='ocrx_word' id='word_1_74' title='bbox 761 1315 796 1390; x_wconf 93' lang='lat' dir='ltr'><strong>in</strong></span> <span class='ocrx_word' id='word_1_75' title='bbox 820 1312 888 1391; x_wconf 91' lang='lat' dir='ltr'><strong>alia</strong></span> <span class='ocrx_word' id='word_1_76' title='bbox 909 1315 1111 1419; x_wconf 70' lang='lat' dir='ltr'><strong>hypothesi,</strong></span> <span class='ocrx_word' id='word_1_77' title='bbox 1140 1314 1350 1418; x_wconf 83' lang='lat' dir='ltr'><strong>principibus</strong></span> 
     </span>
     <span class='ocr_line' id='line_1_10' title="bbox 242 1428 1350 1532; baseline -0.001 -26"><span class='ocrx_word' id='word_1_78' title='bbox 242 1429 386 1506; x_wconf 84' lang='lat' dir='ltr'><strong>totaliter</strong></span> <span class='ocrx_word' id='word_1_79' title='bbox 417 1430 626 1506; x_wconf 71' lang='lat' dir='ltr'><strong>interdicitur</strong></span> <span class='ocrx_word' id='word_1_80' title='bbox 649 1428 733 1506; x_wconf 90' lang='lat' dir='ltr'><strong>iuris</strong></span> <span class='ocrx_word' id='word_1_81' title='bbox 757 1429 977 1520; x_wconf 76' lang='lat' dir='ltr'><strong>exercitium,</strong></span> <span class='ocrx_word' id='word_1_82' title='bbox 1011 1430 1098 1532; x_wconf 90' lang='lat' dir='ltr'><strong>ipsis</strong></span> <span class='ocrx_word' id='word_1_83' title='bbox 1126 1447 1162 1507; x_wconf 93' lang='lat' dir='ltr'><strong>et</strong></span> <span class='ocrx_word' id='word_1_84' title='bbox 1189 1431 1350 1507; x_wconf 81' lang='lat' dir='ltr'><strong>ecelesim</strong></span> 
     </span>
     <span class='ocr_line' id='line_1_11' title="bbox 241 1543 1351 1649; baseline -0.001 -27"><span class='ocrx_word' id='word_1_85' title='bbox 241 1543 501 1622; x_wconf 68' lang='lat' dir='ltr'><strong>communiat.</strong></span> <span class='ocrx_word' id='word_1_86' title='bbox 523 1545 640 1634; x_wconf 84' lang='lat' dir='ltr'><strong>Quoad</strong></span> <span class='ocrx_word' id='word_1_87' title='bbox 661 1546 875 1635; x_wconf 74' lang='lat' dir='ltr'><strong>sociotatem,</strong></span> <span class='ocrx_word' id='word_1_88' title='bbox 904 1563 1053 1623; x_wconf 89' lang='lat' dir='ltr'><strong>nostram</strong></span> <span class='ocrx_word' id='word_1_89' title='bbox 1077 1547 1256 1649; x_wconf 58' lang='lat' dir='ltr'><strong>squendo</strong></span> <span class='ocrx_word' id='word_1_90' title='bbox 1280 1572 1351 1621; x_wconf 80' lang='lat' dir='ltr'><strong>sen·</strong></span> 
     </span>
     <span class='ocr_line' id='line_1_12' title="bbox 245 1661 1348 1767; baseline -0.004 -28"><span class='ocrx_word' id='word_1_91' title='bbox 245 1662 410 1752; x_wconf 85' lang='lat' dir='ltr'><strong>tentiam,</strong></span> <span class='ocrx_word' id='word_1_92' title='bbox 438 1663 528 1737; x_wconf 86' lang='lat' dir='ltr'><strong>cives</strong></span> <span class='ocrx_word' id='word_1_93' title='bbox 547 1688 568 1736; x_wconf 90' lang='lat' dir='ltr'><strong>a</strong></span> <span class='ocrx_word' id='word_1_94' title='bbox 589 1662 812 1738; x_wconf 80' lang='lat' dir='ltr'><strong>matrimoniis</strong></span> <span class='ocrx_word' id='word_1_95' title='bbox 840 1662 1085 1752; x_wconf 90' lang='lat' dir='ltr'><strong>ahstinehunt,</strong></span> <span class='ocrx_word' id='word_1_96' title='bbox 1122 1679 1216 1767; x_wconf 85' lang='lat' dir='ltr'><strong>qnae</strong></span> <span class='ocrx_word' id='word_1_97' title='bbox 1241 1661 1348 1739; x_wconf 79' lang='lat' dir='ltr'><strong>relide</strong></span> 
     </span>
     <span class='ocr_line' id='line_1_13' title="bbox 245 1773 1346 1872; baseline -0.004 -20"><span class='ocrx_word' id='word_1_98' title='bbox 245 1778 409 1866; x_wconf 84' lang='lat' dir='ltr'><strong>luissent,</strong></span> <span class='ocrx_word' id='word_1_99' title='bbox 425 1777 486 1853; x_wconf 90' lang='lat' dir='ltr'><strong>sed</strong></span> <span class='ocrx_word' id='word_1_100' title='bbox 505 1776 641 1872; x_wconf 82' lang='lat' dir='ltr'><strong>aliunde</strong></span> <span class='ocrx_word' id='word_1_101' title='bbox 659 1775 777 1851; x_wconf 86' lang='lat' dir='ltr'><strong>illieite</strong></span> <span class='ocrx_word' id='word_1_102' title='bbox 792 1794 826 1852; x_wconf 90' lang='lat' dir='ltr'><strong>et</strong></span> <span class='ocrx_word' id='word_1_103' title='bbox 841 1777 1019 1853; x_wconf 86' lang='lat' dir='ltr'><strong>ellectihus</strong></span> <span class='ocrx_word' id='word_1_104' title='bbox 1037 1773 1199 1853; x_wconf 77' lang='lat' dir='ltr'><strong>ciuilibus</strong></span> <span class='ocrx_word' id='word_1_105' title='bbox 1215 1777 1346 1854; x_wconf 85' lang='lat' dir='ltr'><strong>crhata:</strong></span> 
     </span>
     <span class='ocr_line' id='line_1_14' title="bbox 243 1890 1349 1993; baseline -0.005 -24"><span class='ocrx_word' id='word_1_106' title='bbox 243 1892 343 1969; x_wconf 77' lang='lat' dir='ltr'><strong>eliam</strong></span> <span class='ocrx_word' id='word_1_107' title='bbox 365 1917 446 1969; x_wconf 79' lang='lat' dir='ltr'><strong>uero</strong></span> <span class='ocrx_word' id='word_1_108' title='bbox 470 1892 664 1993; x_wconf 87' lang='lat' dir='ltr'><strong>sequendo,</strong></span> <span class='ocrx_word' id='word_1_109' title='bbox 693 1892 784 1967; x_wconf 74' lang='lat' dir='ltr'><strong>cives</strong></span> <span class='ocrx_word' id='word_1_110' title='bbox 809 1890 1021 1968; x_wconf 87' lang='lat' dir='ltr'><strong>matrimonia</strong></span> <span class='ocrx_word' id='word_1_111' title='bbox 1043 1892 1283 1968; x_wconf 70' lang='lat' dir='ltr'><strong>mntmhmsnt</strong></span> <span class='ocrx_word' id='word_1_112' title='bbox 1306 1891 1349 1965; x_wconf 88' lang='lat' dir='ltr'><strong>in·</strong></span> 
     </span>
     <span class='ocr_line' id='line_1_15' title="bbox 242 2006 1350 2110; baseline -0.005 -22"><span class='ocrx_word' id='word_1_113' title='bbox 242 2006 376 2097; x_wconf 67' lang='lat' dir='ltr'><strong>valide,</strong></span> <span class='ocrx_word' id='word_1_114' title='bbox 395 2032 482 2110; x_wconf 85' lang='lat' dir='ltr'><strong>quae</strong></span> <span class='ocrx_word' id='word_1_115' title='bbox 493 2007 604 2083; x_wconf 77' lang='lat' dir='ltr'><strong>valere</strong></span> <span class='ocrx_word' id='word_1_116' title='bbox 616 2008 867 2109; x_wconf 76' lang='lat' dir='ltr'><strong>repetebantur.</strong></span> <span class='ocrx_word' id='word_1_117' title='bbox 886 2009 919 2081; x_wconf 83' lang='lat' dir='ltr'><strong>l.</strong></span> <span class='ocrx_word' id='word_1_118' title='bbox 936 2009 1077 2083; x_wconf 80' lang='lat' dir='ltr'><strong>llemum</strong></span> <span class='ocrx_word' id='word_1_119' title='bbox 1096 2007 1214 2110; x_wconf 86' lang='lat' dir='ltr'><strong>quned</strong></span> <span class='ocrx_word' id='word_1_120' title='bbox 1230 2007 1350 2082; x_wconf 83' lang='lat' dir='ltr'><strong>nnhen·</strong></span> 
     </span>
     <span class='ocr_line' id='line_1_16' title="bbox 246 2119 1346 2224; baseline -0.003 -26"><span class='ocrx_word' id='word_1_121' title='bbox 246 2137 305 2198; x_wconf 89' lang='lat' dir='ltr'><strong>tes·</strong></span> <span class='ocrx_word' id='word_1_122' title='bbox 321 2122 435 2224; x_wconf 83' lang='lat' dir='ltr'><strong>ipses,</strong></span> <span class='ocrx_word' id='word_1_123' title='bbox 455 2122 490 2196; x_wconf 88' lang='lat' dir='ltr'><strong>in</strong></span> <span class='ocrx_word' id='word_1_124' title='bbox 507 2121 612 2223; x_wconf 82' lang='lat' dir='ltr'><strong>priori</strong></span> <span class='ocrx_word' id='word_1_125' title='bbox 636 2119 840 2224; x_wconf 80' lang='lat' dir='ltr'><strong>hypothesi,</strong></span> <span class='ocrx_word' id='word_1_126' title='bbox 868 2121 1117 2199; x_wconf 77' lang='lat' dir='ltr'><strong>matrimonium</strong></span> <span class='ocrx_word' id='word_1_127' title='bbox 1135 2121 1184 2198; x_wconf 89' lang='lat' dir='ltr'><strong>iis</strong></span> <span class='ocrx_word' id='word_1_128' title='bbox 1201 2138 1346 2222; x_wconf 72' lang='lat' dir='ltr'><strong>negetur,</strong></span> 
     </span>
     <span class='ocr_line' id='line_1_17' title="bbox 243 2235 1350 2341; baseline 0.004 -28"><span class='ocrx_word' id='word_1_129' title='bbox 243 2238 302 2341; x_wconf 87' lang='lat' dir='ltr'><strong>qui</strong></span> <span class='ocrx_word' id='word_1_130' title='bbox 327 2237 406 2315; x_wconf 80' lang='lat' dir='ltr'><strong>rere</strong></span> <span class='ocrx_word' id='word_1_131' title='bbox 428 2238 663 2337; x_wconf 75' lang='lat' dir='ltr'><strong>iungerentur,</strong></span> <span class='ocrx_word' id='word_1_132' title='bbox 693 2237 753 2313; x_wconf 90' lang='lat' dir='ltr'><strong>sed</strong></span> <span class='ocrx_word' id='word_1_133' title='bbox 780 2235 983 2325; x_wconf 77' lang='lat' dir='ltr'><strong>infeliciter,</strong></span> <span class='ocrx_word' id='word_1_134' title='bbox 1011 2252 1129 2338; x_wconf 88' lang='lat' dir='ltr'><strong>utpote</strong></span> <span class='ocrx_word' id='word_1_135' title='bbox 1153 2238 1218 2340; x_wconf 89' lang='lat' dir='ltr'><strong>qui</strong></span> <span class='ocrx_word' id='word_1_136' title='bbox 1243 2236 1350 2317; x_wconf 81' lang='lat' dir='ltr'><strong>oirillt</strong></span> 
     </span>
     <span class='ocr_line' id='line_1_18' title="bbox 243 2349 1352 2454; baseline -0.003 -25"><span class='ocrx_word' id='word_1_137' title='bbox 243 2352 447 2429; x_wconf 83' lang='lat' dir='ltr'><strong>matrimonii</strong></span> <span class='ocrx_word' id='word_1_138' title='bbox 470 2352 559 2427; x_wconf 87' lang='lat' dir='ltr'><strong>hona</strong></span> <span class='ocrx_word' id='word_1_139' title='bbox 577 2349 745 2453; x_wconf 73' lang='lat' dir='ltr'><strong>&#39;mnseqm</strong></span> <span class='ocrx_word' id='word_1_140' title='bbox 764 2376 832 2428; x_wconf 93' lang='lat' dir='ltr'><strong>non</strong></span> <span class='ocrx_word' id='word_1_141' title='bbox 858 2367 1015 2453; x_wconf 87' lang='lat' dir='ltr'><strong>possent:</strong></span> <span class='ocrx_word' id='word_1_142' title='bbox 1036 2351 1072 2426; x_wconf 88' lang='lat' dir='ltr'><strong>in</strong></span> <span class='ocrx_word' id='word_1_143' title='bbox 1089 2353 1273 2454; x_wconf 74' lang='lat' dir='ltr'><strong>posteriori</strong></span> <span class='ocrx_word' id='word_1_144' title='bbox 1295 2379 1352 2426; x_wconf 83' lang='lat' dir='ltr'><strong>nu-</strong></span> 
     </span>
     <span class='ocr_line' id='line_1_19' title="bbox 243 2466 1350 2571; baseline -0.002 -27"><span class='ocrx_word' id='word_1_145' title='bbox 243 2469 403 2545; x_wconf 88' lang='lat' dir='ltr'><strong>hentihus</strong></span> <span class='ocrx_word' id='word_1_146' title='bbox 425 2468 627 2571; x_wconf 84' lang='lat' dir='ltr'><strong>permittitur</strong></span> <span class='ocrx_word' id='word_1_147' title='bbox 646 2467 896 2544; x_wconf 88' lang='lat' dir='ltr'><strong>matrimonium</strong></span> <span class='ocrx_word' id='word_1_148' title='bbox 919 2466 1123 2557; x_wconf 87' lang='lat' dir='ltr'><strong>invalidam,</strong></span> <span class='ocrx_word' id='word_1_149' title='bbox 1142 2467 1300 2544; x_wconf 89' lang='lat' dir='ltr'><strong>illicitum</strong></span> <span class='ocrx_word' id='word_1_150' title='bbox 1316 2493 1350 2542; x_wconf 88' lang='lat' dir='ltr'><strong>ec</strong></span> 
     </span>
     <span class='ocr_line' id='line_1_20' title="bbox 244 2583 1349 2687; baseline -0.002 -30"><span class='ocrx_word' id='word_1_151' title='bbox 244 2584 371 2659; x_wconf 77' lang='lat' dir='ltr'><strong>infelix.</strong></span> <span class='ocrx_word' id='word_1_152' title='bbox 389 2587 458 2658; x_wconf 89' lang='lat' dir='ltr'><strong>lam</strong></span> <span class='ocrx_word' id='word_1_153' title='bbox 471 2610 551 2659; x_wconf 80' lang='lat' dir='ltr'><strong>vero</strong></span> <span class='ocrx_word' id='word_1_154' title='bbox 563 2584 628 2659; x_wconf 93' lang='lat' dir='ltr'><strong>suh</strong></span> <span class='ocrx_word' id='word_1_155' title='bbox 640 2583 850 2686; x_wconf 85' lang='lat' dir='ltr'><strong>quadruplici</strong></span> <span class='ocrx_word' id='word_1_156' title='bbox 863 2583 928 2658; x_wconf 90' lang='lat' dir='ltr'><strong>hoe</strong></span> <span class='ocrx_word' id='word_1_157' title='bbox 940 2600 1094 2683; x_wconf 86' lang='lat' dir='ltr'><strong>aspectu,</strong></span> <span class='ocrx_word' id='word_1_158' title='bbox 1113 2583 1349 2687; x_wconf 88' lang='lat' dir='ltr'><strong>lacileperspi-</strong></span> 
     </span>
     <span class='ocr_line' id='line_1_21' title="bbox 244 2699 1351 2801; baseline -0.002 -28"><span class='ocrx_word' id='word_1_159' title='bbox 244 2700 333 2773; x_wconf 88' lang='lat' dir='ltr'><strong>citur</strong></span> <span class='ocrx_word' id='word_1_160' title='bbox 353 2700 480 2775; x_wconf 91' lang='lat' dir='ltr'><strong>maiora</strong></span> <span class='ocrx_word' id='word_1_161' title='bbox 496 2726 573 2775; x_wconf 89' lang='lat' dir='ltr'><strong>esse</strong></span> <span class='ocrx_word' id='word_1_162' title='bbox 589 2699 738 2801; x_wconf 89' lang='lat' dir='ltr'><strong>pericula</strong></span> <span class='ocrx_word' id='word_1_163' title='bbox 755 2715 788 2774; x_wconf 95' lang='lat' dir='ltr'><strong>et</strong></span> <span class='ocrx_word' id='word_1_164' title='bbox 804 2699 1033 2786; x_wconf 88' lang='lat' dir='ltr'><strong>incommoda,</strong></span> <span class='ocrx_word' id='word_1_165' title='bbox 1056 2723 1145 2800; x_wconf 87' lang='lat' dir='ltr'><strong>ques</strong></span> <span class='ocrx_word' id='word_1_166' title='bbox 1168 2716 1351 2801; x_wconf 86' lang='lat' dir='ltr'><strong>sequuntur</strong></span> 
     </span>
     <span class='ocr_line' id='line_1_22' title="bbox 245 2813 1349 2914; baseline -0.003 -25"><span class='ocrx_word' id='word_1_167' title='bbox 245 2841 286 2889; x_wconf 86' lang='lat' dir='ltr'><strong>ex</strong></span> <span class='ocrx_word' id='word_1_168' title='bbox 306 2832 533 2890; x_wconf 87' lang='lat' dir='ltr'><strong>extraneorum</strong></span> <span class='ocrx_word' id='word_1_169' title='bbox 557 2816 734 2902; x_wconf 87' lang='lat' dir='ltr'><strong>sententia,</strong></span> <span class='ocrx_word' id='word_1_170' title='bbox 751 2814 780 2890; x_wconf 91' lang='lat' dir='ltr'><strong>si</strong></span> <span class='ocrx_word' id='word_1_171' title='bbox 803 2813 889 2889; x_wconf 90' lang='lat' dir='ltr'><strong>lalsa</strong></span> <span class='ocrx_word' id='word_1_172' title='bbox 906 2814 952 2889; x_wconf 92' lang='lat' dir='ltr'><strong>sit</strong></span> <span class='ocrx_word' id='word_1_173' title='bbox 967 2830 1000 2888; x_wconf 90' lang='lat' dir='ltr'><strong>et</strong></span> <span class='ocrx_word' id='word_1_174' title='bbox 1015 2814 1051 2887; x_wconf 90' lang='lat' dir='ltr'><strong>in</strong></span> <span class='ocrx_word' id='word_1_175' title='bbox 1068 2814 1168 2914; x_wconf 80' lang='lat' dir='ltr'><strong>praxi</strong></span> <span class='ocrx_word' id='word_1_176' title='bbox 1194 2831 1349 2898; x_wconf 87' lang='lat' dir='ltr'><strong>teneatur,</strong></span> 
     </span>
     <span class='ocr_line' id='line_1_23' title="bbox 245 2928 1279 3031; baseline -0.003 -27"><span class='ocrx_word' id='word_1_177' title='bbox 245 2957 347 3030; x_wconf 88' lang='lat' dir='ltr'><strong>quam</strong></span> <span class='ocrx_word' id='word_1_178' title='bbox 364 2956 453 3031; x_wconf 90' lang='lat' dir='ltr'><strong>quae</strong></span> <span class='ocrx_word' id='word_1_179' title='bbox 472 2956 512 3004; x_wconf 85' lang='lat' dir='ltr'><strong>er</strong></span> <span class='ocrx_word' id='word_1_180' title='bbox 531 2931 698 3005; x_wconf 90' lang='lat' dir='ltr'><strong>sententia</strong></span> <span class='ocrx_word' id='word_1_181' title='bbox 719 2929 895 3029; x_wconf 79' lang='lat' dir='ltr'><strong>gallorum.</strong></span> <span class='ocrx_word' id='word_1_182' title='bbox 913 2928 1096 3030; x_wconf 88' lang='lat' dir='ltr'><strong>llueusque</strong></span> <span class='ocrx_word' id='word_1_183' title='bbox 1113 2931 1279 3006; x_wconf 77' lang='lat' dir='ltr'><strong>lieston.»</strong></span> 
     </span>
     <span class='ocr_line' id='line_1_24' title="bbox 318 3044 1351 3147; baseline 0.004 -30"><span class='ocrx_word' id='word_1_184' title='bbox 318 3045 380 3120; x_wconf 78' lang='lat' dir='ltr'><strong>hat</strong></span> <span class='ocrx_word' id='word_1_185' title='bbox 399 3046 566 3146; x_wconf 85' lang='lat' dir='ltr'><strong>quommlo</strong></span> <span class='ocrx_word' id='word_1_186' title='bbox 586 3047 694 3147; x_wconf 91' lang='lat' dir='ltr'><strong>potuit</strong></span> <span class='ocrx_word' id='word_1_187' title='bbox 710 3046 753 3119; x_wconf 88' lang='lat' dir='ltr'><strong>D.</strong></span> <span class='ocrx_word' id='word_1_188' title='bbox 770 3044 938 3125; x_wconf 77' lang='lat' dir='ltr'><strong>Carrihre,</strong></span> <span class='ocrx_word' id='word_1_189' title='bbox 956 3044 1008 3118; x_wconf 88' lang='lat' dir='ltr'><strong>vir</strong></span> <span class='ocrx_word' id='word_1_190' title='bbox 1026 3046 1224 3145; x_wconf 88' lang='lat' dir='ltr'><strong>ceteroquin</strong></span> <span class='ocrx_word' id='word_1_191' title='bbox 1241 3045 1351 3121; x_wconf 85' lang='lat' dir='ltr'><strong>doctus</strong></span> 
     </span>
     <span class='ocr_line' id='line_1_25' title="bbox 246 3159 1353 3261; baseline -0.003 -25"><span class='ocrx_word' id='word_1_192' title='bbox 246 3178 279 3236; x_wconf 93' lang='lat' dir='ltr'><strong>et</strong></span> <span class='ocrx_word' id='word_1_193' title='bbox 299 3160 443 3260; x_wconf 80' lang='lat' dir='ltr'><strong>diligens</strong></span> <span class='ocrx_word' id='word_1_194' title='bbox 457 3160 512 3237; x_wconf 90' lang='lat' dir='ltr'><strong>his</strong></span> <span class='ocrx_word' id='word_1_195' title='bbox 527 3164 625 3261; x_wconf 79' lang='lat' dir='ltr'><strong>nugis</strong></span> <span class='ocrx_word' id='word_1_196' title='bbox 646 3161 770 3237; x_wconf 80' lang='lat' dir='ltr'><strong>illudit</strong></span> <span class='ocrx_word' id='word_1_197' title='bbox 784 3162 895 3248; x_wconf 82' lang='lat' dir='ltr'><strong>Quare</strong></span> <span class='ocrx_word' id='word_1_198' title='bbox 908 3186 975 3234; x_wconf 91' lang='lat' dir='ltr'><strong>nen</strong></span> <span class='ocrx_word' id='word_1_199' title='bbox 989 3159 1130 3234; x_wconf 88' lang='lat' dir='ltr'><strong>advertit</strong></span> <span class='ocrx_word' id='word_1_200' title='bbox 1143 3160 1232 3237; x_wconf 87' lang='lat' dir='ltr'><strong>haec</strong></span> <span class='ocrx_word' id='word_1_201' title='bbox 1248 3159 1353 3236; x_wconf 89' lang='lat' dir='ltr'><strong>omnia</strong></span> 
     </span>
     <span class='ocr_line' id='line_1_26' title="bbox 246 3274 1352 3378; baseline -0.003 -27"><span class='ocrx_word' id='word_1_202' title='bbox 246 3278 397 3377; x_wconf 84' lang='lat' dir='ltr'><strong>potuisse</strong></span> <span class='ocrx_word' id='word_1_203' title='bbox 410 3277 592 3378; x_wconf 74' lang='lat' dir='ltr'><strong>intorqueri</strong></span> <span class='ocrx_word' id='word_1_204' title='bbox 607 3277 641 3350; x_wconf 93' lang='lat' dir='ltr'><strong>in</strong></span> <span class='ocrx_word' id='word_1_205' title='bbox 653 3275 837 3352; x_wconf 85' lang='lat' dir='ltr'><strong>catholicos</strong></span> <span class='ocrx_word' id='word_1_206' title='bbox 856 3291 1021 3350; x_wconf 88' lang='lat' dir='ltr'><strong>sectantes</strong></span> <span class='ocrx_word' id='word_1_207' title='bbox 1037 3274 1229 3350; x_wconf 88' lang='lat' dir='ltr'><strong>doctrinam</strong></span> <span class='ocrx_word' id='word_1_208' title='bbox 1243 3303 1275 3351; x_wconf 91' lang='lat' dir='ltr'><strong>s.</strong></span> <span class='ocrx_word' id='word_1_209' title='bbox 1287 3277 1352 3348; x_wconf 89' lang='lat' dir='ltr'><strong>Ste·</strong></span> 
     </span>
     <span class='ocr_line' id='line_1_27' title="bbox 246 3389 1352 3494; baseline -0.002 -30"><span class='ocrx_word' id='word_1_210' title='bbox 246 3391 349 3493; x_wconf 86' lang='lat' dir='ltr'><strong>phuni</strong></span> <span class='ocrx_word' id='word_1_211' title='bbox 371 3392 415 3466; x_wconf 91' lang='lat' dir='ltr'><strong>ah</strong></span> <span class='ocrx_word' id='word_1_212' title='bbox 434 3393 499 3481; x_wconf 88' lang='lat' dir='ltr'><strong>iis,</strong></span> <span class='ocrx_word' id='word_1_213' title='bbox 525 3393 584 3494; x_wconf 95' lang='lat' dir='ltr'><strong>qui</strong></span> <span class='ocrx_word' id='word_1_214' title='bbox 605 3419 681 3465; x_wconf 92' lang='lat' dir='ltr'><strong>eum</strong></span> <span class='ocrx_word' id='word_1_215' title='bbox 700 3418 729 3465; x_wconf 91' lang='lat' dir='ltr'><strong>s.</strong></span> <span class='ocrx_word' id='word_1_216' title='bbox 746 3390 915 3492; x_wconf 81' lang='lat' dir='ltr'><strong>Cypriane</strong></span> <span class='ocrx_word' id='word_1_217' title='bbox 940 3390 1187 3465; x_wconf 90' lang='lat' dir='ltr'><strong>contendebant</strong></span> <span class='ocrx_word' id='word_1_218' title='bbox 1210 3389 1352 3490; x_wconf 75' lang='lat' dir='ltr'><strong>rehapti</strong></span> 
     </span>
     <span class='ocr_line' id='line_1_28' title="bbox 246 3503 1352 3584; baseline 0 -2"><span class='ocrx_word' id='word_1_219' title='bbox 246 3508 373 3582; x_wconf 86' lang='lat' dir='ltr'><strong>zandos</strong></span> <span class='ocrx_word' id='word_1_220' title='bbox 393 3534 469 3584; x_wconf 91' lang='lat' dir='ltr'><strong>esse</strong></span> <span class='ocrx_word' id='word_1_221' title='bbox 493 3508 615 3583; x_wconf 89' lang='lat' dir='ltr'><strong>tinctos</strong></span> <span class='ocrx_word' id='word_1_222' title='bbox 637 3507 681 3581; x_wconf 93' lang='lat' dir='ltr'><strong>ab</strong></span> <span class='ocrx_word' id='word_1_223' title='bbox 700 3503 907 3582; x_wconf 80' lang='lat' dir='ltr'><strong>haereticis?</strong></span> <span class='ocrx_word' id='word_1_224' title='bbox 925 3505 992 3579; x_wconf 88' lang='lat' dir='ltr'><strong>Cur</strong></span> <span class='ocrx_word' id='word_1_225' title='bbox 1008 3531 1075 3580; x_wconf 89' lang='lat' dir='ltr'><strong>non</strong></span> <span class='ocrx_word' id='word_1_226' title='bbox 1093 3505 1241 3581; x_wconf 82' lang='lat' dir='ltr'><strong>advertit</strong></span> <span class='ocrx_word' id='word_1_227' title='bbox 1258 3521 1352 3582; x_wconf 81' lang='lat' dir='ltr'><strong>totam</strong></span> 
     </span>
     <span class='ocr_line' id='line_1_29' title="bbox 247 3620 1352 3723; baseline 0 -27"><span class='ocrx_word' id='word_1_228' title='bbox 247 3622 335 3698; x_wconf 88' lang='lat' dir='ltr'><strong>hanc</strong></span> <span class='ocrx_word' id='word_1_229' title='bbox 353 3641 624 3723; x_wconf 79' lang='lat' dir='ltr'><strong>argumentorum</strong></span> <span class='ocrx_word' id='word_1_230' title='bbox 637 3622 823 3721; x_wconf 82' lang='lat' dir='ltr'><strong>congeriem</strong></span> <span class='ocrx_word' id='word_1_231' title='bbox 837 3622 922 3697; x_wconf 87' lang='lat' dir='ltr'><strong>lalso</strong></span> <span class='ocrx_word' id='word_1_232' title='bbox 935 3620 1088 3695; x_wconf 86' lang='lat' dir='ltr'><strong>lahorere</strong></span> <span class='ocrx_word' id='word_1_233' title='bbox 1101 3623 1284 3723; x_wconf 89' lang='lat' dir='ltr'><strong>supposito</strong></span> <span class='ocrx_word' id='word_1_234' title='bbox 1299 3645 1352 3696; x_wconf 86' lang='lat' dir='ltr'><strong>sen</strong></span> 
     </span>
     <span class='ocr_line' id='line_1_30' title="bbox 247 3737 1352 3840; baseline -0.005 -25"><span class='ocrx_word' id='word_1_235' title='bbox 247 3741 359 3840; x_wconf 88' lang='lat' dir='ltr'><strong>petius</strong></span> <span class='ocrx_word' id='word_1_236' title='bbox 392 3739 493 3815; x_wconf 90' lang='lat' dir='ltr'><strong>inniti</strong></span> <span class='ocrx_word' id='word_1_237' title='bbox 527 3739 656 3814; x_wconf 80' lang='lat' dir='ltr'><strong>veritati</strong></span> <span class='ocrx_word' id='word_1_238' title='bbox 688 3738 871 3814; x_wconf 89' lang='lat' dir='ltr'><strong>sententiae</strong></span> <span class='ocrx_word' id='word_1_239' title='bbox 899 3763 1000 3826; x_wconf 88' lang='lat' dir='ltr'><strong>suae,</strong></span> <span class='ocrx_word' id='word_1_240' title='bbox 1028 3737 1119 3838; x_wconf 91' lang='lat' dir='ltr'><strong>qued</strong></span> <span class='ocrx_word' id='word_1_241' title='bbox 1145 3737 1352 3840; x_wconf 86' lang='lat' dir='ltr'><strong>principibus</strong></span> 
     </span>
     <span class='ocr_line' id='line_1_31' title="bbox 247 3850 1352 3955; baseline -0.007 -26"><span class='ocrx_word' id='word_1_242' title='bbox 247 3856 423 3929; x_wconf 83' lang='lat' dir='ltr'><strong>convenire</strong></span> <span class='ocrx_word' id='word_1_243' title='bbox 439 3854 548 3955; x_wconf 89' lang='lat' dir='ltr'><strong>possit</strong></span> <span class='ocrx_word' id='word_1_244' title='bbox 563 3854 615 3927; x_wconf 88' lang='lat' dir='ltr'><strong>ius</strong></span> <span class='ocrx_word' id='word_1_245' title='bbox 636 3852 670 3925; x_wconf 91' lang='lat' dir='ltr'><strong>in</strong></span> <span class='ocrx_word' id='word_1_246' title='bbox 687 3851 858 3926; x_wconf 86' lang='lat' dir='ltr'><strong>vinculum</strong></span> <span class='ocrx_word' id='word_1_247' title='bbox 879 3850 1053 3952; x_wconf 80' lang='lat' dir='ltr'><strong>coniugale</strong></span> <span class='ocrx_word' id='word_1_248' title='bbox 1070 3853 1172 3926; x_wconf 90' lang='lat' dir='ltr'><strong>etiam</strong></span> <span class='ocrx_word' id='word_1_249' title='bbox 1191 3851 1352 3954; x_wconf 76' lang='lat' dir='ltr'><strong>fidelium?</strong></span> 
     </span>
     <span class='ocr_line' id='line_1_32' title="bbox 248 3965 1350 4069; baseline -0.002 -29"><span class='ocrx_word' id='word_1_250' title='bbox 248 3967 290 4042; x_wconf 81' lang='lat' dir='ltr'><strong>ht</strong></span> <span class='ocrx_word' id='word_1_251' title='bbox 305 3995 383 4043; x_wconf 86' lang='lat' dir='ltr'><strong>vero</strong></span> <span class='ocrx_word' id='word_1_252' title='bbox 403 3967 569 4069; x_wconf 92' lang='lat' dir='ltr'><strong>quidquid</strong></span> <span class='ocrx_word' id='word_1_253' title='bbox 587 3983 784 4066; x_wconf 76' lang='lat' dir='ltr'><strong>congeretur</strong></span> <span class='ocrx_word' id='word_1_254' title='bbox 797 3993 857 4067; x_wconf 89' lang='lat' dir='ltr'><strong>pro</strong></span> <span class='ocrx_word' id='word_1_255' title='bbox 871 3967 934 4041; x_wconf 88' lang='lat' dir='ltr'><strong>hac</strong></span> <span class='ocrx_word' id='word_1_256' title='bbox 948 3966 1131 4053; x_wconf 88' lang='lat' dir='ltr'><strong>sententia,</strong></span> <span class='ocrx_word' id='word_1_257' title='bbox 1149 3965 1245 4042; x_wconf 86' lang='lat' dir='ltr'><strong>illam</strong></span> <span class='ocrx_word' id='word_1_258' title='bbox 1263 3991 1350 4041; x_wconf 91' lang='lat' dir='ltr'><strong>num·</strong></span> 
     </span>
     <span class='ocr_line' id='line_1_33' title="bbox 247 4080 1345 4184; baseline -0.004 -28"><span class='ocrx_word' id='word_1_259' title='bbox 247 4109 349 4183; x_wconf 89' lang='lat' dir='ltr'><strong>quam</strong></span> <span class='ocrx_word' id='word_1_260' title='bbox 363 4082 541 4159; x_wconf 88' lang='lat' dir='ltr'><strong>theoretice</strong></span> <span class='ocrx_word' id='word_1_261' title='bbox 553 4083 759 4184; x_wconf 87' lang='lat' dir='ltr'><strong>prohabilem</strong></span> <span class='ocrx_word' id='word_1_262' title='bbox 772 4083 919 4157; x_wconf 83' lang='lat' dir='ltr'><strong>efficient</strong></span> <span class='ocrx_word' id='word_1_263' title='bbox 932 4082 1075 4180; x_wconf 79' lang='lat' dir='ltr'><strong>theologi</strong></span> <span class='ocrx_word' id='word_1_264' title='bbox 1091 4081 1173 4180; x_wconf 80' lang='lat' dir='ltr'><strong>galli</strong></span> <span class='ocrx_word' id='word_1_265' title='bbox 1192 4080 1345 4164; x_wconf 81' lang='lat' dir='ltr'><strong>universi,</strong></span> 
     </span>
     <span class='ocr_line' id='line_1_34' title="bbox 248 4196 1347 4301; baseline -0.005 -29"><span class='ocrx_word' id='word_1_266' title='bbox 248 4200 306 4298; x_wconf 92' lang='lat' dir='ltr'><strong>qui</strong></span> <span class='ocrx_word' id='word_1_267' title='bbox 324 4225 384 4300; x_wconf 90' lang='lat' dir='ltr'><strong>pro</strong></span> <span class='ocrx_word' id='word_1_268' title='bbox 401 4226 441 4274; x_wconf 89' lang='lat' dir='ltr'><strong>ea</strong></span> <span class='ocrx_word' id='word_1_269' title='bbox 462 4216 622 4301; x_wconf 80' lang='lat' dir='ltr'><strong>pugnant.</strong></span> <span class='ocrx_word' id='word_1_270' title='bbox 644 4199 816 4299; x_wconf 89' lang='lat' dir='ltr'><strong>Siquidem</strong></span> <span class='ocrx_word' id='word_1_271' title='bbox 836 4196 938 4273; x_wconf 86' lang='lat' dir='ltr'><strong>hahet</strong></span> <span class='ocrx_word' id='word_1_272' title='bbox 955 4198 1040 4272; x_wconf 87' lang='lat' dir='ltr'><strong>haee</strong></span> <span class='ocrx_word' id='word_1_273' title='bbox 1059 4198 1229 4274; x_wconf 85' lang='lat' dir='ltr'><strong>sententia</strong></span> <span class='ocrx_word' id='word_1_274' title='bbox 1245 4211 1347 4273; x_wconf 88' lang='lat' dir='ltr'><strong>eontra</strong></span> 
     </span>
     <span class='ocr_line' id='line_1_35' title="bbox 249 4312 1345 4416; baseline -0.005 -27"><span class='ocrx_word' id='word_1_275' title='bbox 249 4341 286 4389; x_wconf 93' lang='lat' dir='ltr'><strong>se</strong></span> <span class='ocrx_word' id='word_1_276' title='bbox 312 4316 395 4392; x_wconf 86' lang='lat' dir='ltr'><strong>satis</strong></span> <span class='ocrx_word' id='word_1_277' title='bbox 417 4333 531 4416; x_wconf 84' lang='lat' dir='ltr'><strong>aperte</strong></span> <span class='ocrx_word' id='word_1_278' title='bbox 556 4317 783 4391; x_wconf 87' lang='lat' dir='ltr'><strong>auctoritatem</strong></span> <span class='ocrx_word' id='word_1_279' title='bbox 809 4315 942 4390; x_wconf 86' lang='lat' dir='ltr'><strong>concilii</strong></span> <span class='ocrx_word' id='word_1_280' title='bbox 969 4314 1200 4402; x_wconf 88' lang='lat' dir='ltr'><strong>oecumenici,</strong></span> <span class='ocrx_word' id='word_1_281' title='bbox 1229 4312 1345 4390; x_wconf 86' lang='lat' dir='ltr'><strong>scilicet</strong></span> 
     </span>
    </p>
   </div>
   <div class='ocr_carea' id='block_1_2' title="bbox 0 0 1414 5062">
    <p class='ocr_par' dir='ltr' id='par_1_2' title="bbox 0 0 1414 5062">
     <span class='ocr_line' id='line_1_36' title="bbox 0 0 1414 5062; baseline 0 0"><span class='ocrx_word' id='word_1_282' title='bbox 0 0 1414 5062; x_wconf 95' lang='lat' dir='ltr'><strong> </strong></span> 
     </span>
    </p>
   </div>
  </div>
 </body>
</html>
