<?xml version="1.0" encoding="UTF-8"?>
<!DOCTYPE html PUBLIC "-//W3C//DTD XHTML 1.0 Transitional//EN"
    "http://www.w3.org/TR/xhtml1/DTD/xhtml1-transitional.dtd">
<html xmlns="http://www.w3.org/1999/xhtml" xml:lang="en" lang="en">
 <head>
  <title>
</title>
<meta http-equiv="Content-Type" content="text/html;charset=utf-8" />
  <meta name='ocr-system' content='tesseract 3.04.00' />
  <meta name='ocr-capabilities' content='ocr_page ocr_carea ocr_par ocr_line ocrx_word'/>
</head>
<body>
  <div class='ocr_page' id='page_1' title='image "./dematrimoniochr02perrgoog_0057.png"; bbox 0 0 2804 5062; ppageno 0'>
   <div class='ocr_carea' id='block_1_1' title="bbox 154 378 1003 453">
    <p class='ocr_par' dir='ltr' id='par_1_1' title="bbox 154 378 1003 453">
     <span class='ocr_line' id='line_1_1' title="bbox 154 378 1003 453; baseline 0.004 -9"><span class='ocrx_word' id='word_1_1' title='bbox 154 378 198 452; x_wconf 70' lang='lat' dir='ltr'><strong>tu</strong></span> <span class='ocrx_word' id='word_1_2' title='bbox 381 398 443 453; x_wconf 82' lang='lat' dir='ltr'><strong>nm.</strong></span> <span class='ocrx_word' id='word_1_3' title='bbox 464 398 500 448; x_wconf 88' lang='lat'><strong>11.</strong></span> <span class='ocrx_word' id='word_1_4' title='bbox 519 397 605 447; x_wconf 81' lang='lat' dir='ltr'><strong>orer.</strong></span> <span class='ocrx_word' id='word_1_5' title='bbox 627 398 651 448; x_wconf 89' lang='lat'><strong>1.</strong></span> <span class='ocrx_word' id='word_1_6' title='bbox 672 398 712 449; x_wconf 80' lang='lat' dir='ltr'><strong>or</strong></span> <span class='ocrx_word' id='word_1_7' title='bbox 730 397 856 451; x_wconf 86' lang='lat' dir='ltr'><strong>roreer.</strong></span> <span class='ocrx_word' id='word_1_8' title='bbox 878 397 1003 451; x_wconf 77' lang='lat' dir='ltr'><strong>recum.</strong></span> 
     </span>
    </p>
   </div>
   <div class='ocr_carea' id='block_1_2' title="bbox 48 513 1265 4408">
    <p class='ocr_par' dir='ltr' id='par_1_2' title="bbox 150 513 1265 732">
     <span class='ocr_line' id='line_1_2' title="bbox 151 513 1265 617; baseline -0.001 -24"><span class='ocrx_word' id='word_1_9' title='bbox 151 530 333 616; x_wconf 78' lang='lat' dir='ltr'><strong>potestate,</strong></span> <span class='ocrx_word' id='word_1_10' title='bbox 362 515 422 592; x_wconf 86' lang='lat' dir='ltr'><strong>eed</strong></span> <span class='ocrx_word' id='word_1_11' title='bbox 438 514 481 587; x_wconf 91' lang='lat' dir='ltr'><strong>de</strong></span> <span class='ocrx_word' id='word_1_12' title='bbox 501 515 695 590; x_wconf 76' lang='lat' dir='ltr'>executione</span> <span class='ocrx_word' id='word_1_13' title='bbox 720 514 831 611; x_wconf 81' lang='lat' dir='ltr'><strong>legum</strong></span> <span class='ocrx_word' id='word_1_14' title='bbox 851 513 1096 613; x_wconf 82' lang='lat' dir='ltr'><strong>imperialium,</strong></span> <span class='ocrx_word' id='word_1_15' title='bbox 1116 516 1161 593; x_wconf 85' lang='lat' dir='ltr'><strong>de</strong></span> <span class='ocrx_word' id='word_1_16' title='bbox 1188 519 1265 617; x_wconf 87' lang='lat' dir='ltr'><strong>qui·</strong></span> 
     </span>
     <span class='ocr_line' id='line_1_3' title="bbox 150 629 759 732; baseline -0.002 -29"><span class='ocrx_word' id='word_1_17' title='bbox 150 631 215 710; x_wconf 79' lang='lat' dir='ltr'><strong>bue</strong></span> <span class='ocrx_word' id='word_1_18' title='bbox 240 631 275 732; x_wconf 87' lang='lat' dir='ltr'><strong>in</strong></span> <span class='ocrx_word' id='word_1_19' title='bbox 302 630 357 709; x_wconf 85' lang='lat' dir='ltr'><strong>his</strong></span> <span class='ocrx_word' id='word_1_20' title='bbox 381 629 534 704; x_wconf 79' lang='lat' dir='ltr'><strong>conciliis</strong></span> <span class='ocrx_word' id='word_1_21' title='bbox 560 656 672 705; x_wconf 88' lang='lat' dir='ltr'><strong>sermo</strong></span> <span class='ocrx_word' id='word_1_22' title='bbox 697 647 759 704; x_wconf 86' lang='lat' dir='ltr'><strong>est.</strong></span> 
     </span>
    </p>

    <p class='ocr_par' dir='ltr' id='par_1_3' title="bbox 151 744 1264 1190">
     <span class='ocr_line' id='line_1_4' title="bbox 222 744 1264 842; baseline 0.004 -24"><span class='ocrx_word' id='word_1_23' title='bbox 222 746 395 821; x_wconf 83' lang='lat' dir='ltr'><strong>Vindicate</strong></span> <span class='ocrx_word' id='word_1_24' title='bbox 421 744 610 842; x_wconf 81' lang='lat' dir='ltr'><strong>dogmatica</strong></span> <span class='ocrx_word' id='word_1_25' title='bbox 638 747 834 822; x_wconf 78' lang='lat' dir='ltr'><strong>auctoritate</strong></span> <span class='ocrx_word' id='word_1_26' title='bbox 862 770 1028 822; x_wconf 82' lang='lat' dir='ltr'><strong>cenenum</strong></span> <span class='ocrx_word' id='word_1_27' title='bbox 1063 746 1264 823; x_wconf 86' lang='lat' dir='ltr'><strong>tridentino-</strong></span> 
     </span>
     <span class='ocr_line' id='line_1_5' title="bbox 151 860 1259 959; baseline 0 -21"><span class='ocrx_word' id='word_1_28' title='bbox 151 889 246 948; x_wconf 82' lang='lat' dir='ltr'><strong>rum.</strong></span> <span class='ocrx_word' id='word_1_29' title='bbox 274 860 441 959; x_wconf 84' lang='lat' dir='ltr'><strong>reliquum</strong></span> <span class='ocrx_word' id='word_1_30' title='bbox 464 878 535 949; x_wconf 85' lang='lat' dir='ltr'><strong>est,</strong></span> <span class='ocrx_word' id='word_1_31' title='bbox 564 877 601 933; x_wconf 89' lang='lat' dir='ltr'><strong>ut</strong></span> <span class='ocrx_word' id='word_1_32' title='bbox 626 860 819 934; x_wconf 87' lang='lat' dir='ltr'><strong>eorumdem</strong></span> <span class='ocrx_word' id='word_1_33' title='bbox 843 860 1053 936; x_wconf 73' lang='lat' dir='ltr'><strong>vindicemus</strong></span> <span class='ocrx_word' id='word_1_34' title='bbox 1069 861 1259 950; x_wconf 75' lang='lat' dir='ltr'><strong>veritatum,</strong></span> 
     </span>
     <span class='ocr_line' id='line_1_6' title="bbox 151 974 1262 1077; baseline 0.003 -23"><span class='ocrx_word' id='word_1_35' title='bbox 151 992 249 1077; x_wconf 86' lang='lat' dir='ltr'><strong>prout</strong></span> <span class='ocrx_word' id='word_1_36' title='bbox 273 974 422 1052; x_wconf 81' lang='lat' dir='ltr'><strong>seeundo</strong></span> <span class='ocrx_word' id='word_1_37' title='bbox 440 976 511 1051; x_wconf 92' lang='lat' dir='ltr'><strong>loeo</strong></span> <span class='ocrx_word' id='word_1_38' title='bbox 529 976 776 1076; x_wconf 84' lang='lat' dir='ltr'><strong>pmposuimue.</strong></span> <span class='ocrx_word' id='word_1_39' title='bbox 799 976 837 1048; x_wconf 92' lang='lat' dir='ltr'><strong>ld</strong></span> <span class='ocrx_word' id='word_1_40' title='bbox 853 992 964 1051; x_wconf 84' lang='lat' dir='ltr'><strong>eutem</strong></span> <span class='ocrx_word' id='word_1_41' title='bbox 980 976 1169 1055; x_wconf 73' lang='lat' dir='ltr'><strong>afficiemur</strong></span> <span class='ocrx_word' id='word_1_42' title='bbox 1193 994 1262 1057; x_wconf 85' lang='lat' dir='ltr'><strong>tnm</strong></span> 
     </span>
     <span class='ocr_line' id='line_1_7' title="bbox 153 1092 1008 1190; baseline -0.002 -26"><span class='ocrx_word' id='word_1_43' title='bbox 153 1117 194 1167; x_wconf 78' lang='lat' dir='ltr'><strong>ex</strong></span> <span class='ocrx_word' id='word_1_44' title='bbox 219 1092 267 1167; x_wconf 88' lang='lat' dir='ltr'><strong>rei</strong></span> <span class='ocrx_word' id='word_1_45' title='bbox 293 1107 412 1167; x_wconf 87' lang='lat' dir='ltr'><strong>netum</strong></span> <span class='ocrx_word' id='word_1_46' title='bbox 437 1108 469 1167; x_wconf 89' lang='lat' dir='ltr'><strong>et</strong></span> <span class='ocrx_word' id='word_1_47' title='bbox 494 1094 657 1190; x_wconf 75' lang='lat' dir='ltr'><strong>apriore&#39;,</strong></span> <span class='ocrx_word' id='word_1_48' title='bbox 687 1106 757 1166; x_wconf 89' lang='lat' dir='ltr'><strong>tum</strong></span> <span class='ocrx_word' id='word_1_49' title='bbox 783 1117 801 1166; x_wconf 88' lang='lat' dir='ltr'><strong>e</strong></span> <span class='ocrx_word' id='word_1_50' title='bbox 823 1093 1008 1189; x_wconf 74' lang='lat' dir='ltr'><strong>posteriori.</strong></span> 
     </span>
    </p>

    <p class='ocr_par' dir='ltr' id='par_1_4' title="bbox 48 1194 1262 4408">
     <span class='ocr_line' id='line_1_8' title="bbox 222 1194 1262 1309; baseline 0.001 -25"><span class='ocrx_word' id='word_1_51' title='bbox 222 1207 272 1284; x_wconf 81' lang='lat' dir='ltr'><strong>Ex</strong></span> <span class='ocrx_word' id='word_1_52' title='bbox 298 1207 346 1282; x_wconf 88' lang='lat' dir='ltr'><strong>rei</strong></span> <span class='ocrx_word' id='word_1_53' title='bbox 371 1207 507 1309; x_wconf 86' lang='lat' dir='ltr'><strong>quidem</strong></span> <span class='ocrx_word' id='word_1_54' title='bbox 527 1224 645 1280; x_wconf 89' lang='lat' dir='ltr'><strong>natura</strong></span> <span class='ocrx_word' id='word_1_55' title='bbox 666 1206 840 1306; x_wconf 82' lang='lat' dir='ltr'><strong>multiplex</strong></span> <span class='ocrx_word' id='word_1_56' title='bbox 853 1207 993 1303; x_wconf 78' lang='lat' dir='ltr'><strong>emergit</strong></span> <span class='ocrx_word' id='word_1_57' title='bbox 1010 1194 1183 1306; x_wconf 79' lang='lat' dir='ltr'><strong>probatio,</strong></span> <span class='ocrx_word' id='word_1_58' title='bbox 1205 1234 1262 1285; x_wconf 74' lang='lat' dir='ltr'><strong>en-</strong></span> 
     </span>
     <span class='ocr_line' id='line_1_9' title="bbox 48 1320 1262 1423; baseline 0.004 -29"><span class='ocrx_word' id='word_1_59' title='bbox 48 1401 50 1404; x_wconf 57' lang='grc'><strong>,</strong></span> <span class='ocrx_word' id='word_1_60' title='bbox 150 1347 217 1420; x_wconf 87' lang='lat' dir='ltr'><strong>que</strong></span> <span class='ocrx_word' id='word_1_61' title='bbox 233 1320 333 1420; x_wconf 86' lang='lat' dir='ltr'><strong>plene</strong></span> <span class='ocrx_word' id='word_1_62' title='bbox 350 1321 594 1408; x_wconf 84' lang='lat' dir='ltr'><strong>ineluetabilis;</strong></span> <span class='ocrx_word' id='word_1_63' title='bbox 616 1347 654 1394; x_wconf 88' lang='lat' dir='ltr'><strong>eo</strong></span> <span class='ocrx_word' id='word_1_64' title='bbox 673 1324 707 1398; x_wconf 88' lang='lat'><strong>1,</strong></span> <span class='ocrx_word' id='word_1_65' title='bbox 729 1349 769 1396; x_wconf 81' lang='lat' dir='ltr'><strong>ex</strong></span> <span class='ocrx_word' id='word_1_66' title='bbox 787 1321 915 1395; x_wconf 86' lang='lat' dir='ltr'><strong>ratione</strong></span> <span class='ocrx_word' id='word_1_67' title='bbox 931 1321 1152 1408; x_wconf 65' lang='lat' dir='ltr'><strong>sacrementi,</strong></span> <span class='ocrx_word' id='word_1_68' title='bbox 1173 1347 1262 1423; x_wconf 77' lang='lat' dir='ltr'><strong>quae</strong></span> 
     </span>
     <span class='ocr_line' id='line_1_10' title="bbox 151 1435 1262 1534; baseline 0.003 -21"><span class='ocrx_word' id='word_1_69' title='bbox 151 1436 303 1513; x_wconf 86' lang='lat' dir='ltr'><strong>inhaeret</strong></span> <span class='ocrx_word' id='word_1_70' title='bbox 326 1438 482 1534; x_wconf 81' lang='lat' dir='ltr'><strong>coningio</strong></span> <span class='ocrx_word' id='word_1_71' title='bbox 508 1437 655 1534; x_wconf 81' lang='lat' dir='ltr'><strong>legitime</strong></span> <span class='ocrx_word' id='word_1_72' title='bbox 680 1438 765 1511; x_wconf 88' lang='lat' dir='ltr'><strong>inter</strong></span> <span class='ocrx_word' id='word_1_73' title='bbox 794 1437 911 1513; x_wconf 85' lang='lat' dir='ltr'><strong>fideles</strong></span> <span class='ocrx_word' id='word_1_74' title='bbox 935 1435 1112 1513; x_wconf 78' lang='lat' dir='ltr'><strong>celebrato.</strong></span> <span class='ocrx_word' id='word_1_75' title='bbox 1135 1437 1185 1513; x_wconf 82' lang='lat' dir='ltr'><strong>Ex</strong></span> <span class='ocrx_word' id='word_1_76' title='bbox 1201 1439 1262 1516; x_wconf 81' lang='lat' dir='ltr'><strong>de·</strong></span> 
     </span>
     <span class='ocr_line' id='line_1_11' title="bbox 149 1551 1261 1651; baseline 0.002 -23"><span class='ocrx_word' id='word_1_77' title='bbox 149 1552 341 1629; x_wconf 84' lang='lat' dir='ltr'><strong>monstratis</strong></span> <span class='ocrx_word' id='word_1_78' title='bbox 366 1553 469 1642; x_wconf 91' lang='lat' dir='ltr'><strong>enim,</strong></span> <span class='ocrx_word' id='word_1_79' title='bbox 490 1553 524 1626; x_wconf 92' lang='lat' dir='ltr'><strong>in</strong></span> <span class='ocrx_word' id='word_1_80' title='bbox 543 1552 710 1626; x_wconf 88' lang='lat' dir='ltr'><strong>connubio</strong></span> <span class='ocrx_word' id='word_1_81' title='bbox 735 1552 919 1628; x_wconf 85' lang='lat' dir='ltr'><strong>christiano</strong></span> <span class='ocrx_word' id='word_1_82' title='bbox 944 1551 1261 1651; x_wconf 65' lang='lat' dir='ltr'><strong>inseparabilium</strong></span> 
     </span>
     <span class='ocr_line' id='line_1_12' title="bbox 150 1666 1259 1768; baseline 0.004 -25"><span class='ocrx_word' id='word_1_83' title='bbox 150 1666 235 1743; x_wconf 87' lang='lat' dir='ltr'><strong>retio</strong></span> <span class='ocrx_word' id='word_1_84' title='bbox 258 1683 448 1744; x_wconf 82' lang='lat' dir='ltr'><strong>contractus</strong></span> <span class='ocrx_word' id='word_1_85' title='bbox 471 1695 491 1740; x_wconf 91' lang='lat' dir='ltr'><strong>a</strong></span> <span class='ocrx_word' id='word_1_86' title='bbox 516 1669 644 1741; x_wconf 90' lang='lat' dir='ltr'><strong>ratione</strong></span> <span class='ocrx_word' id='word_1_87' title='bbox 661 1668 880 1755; x_wconf 82' lang='lat' dir='ltr'><strong>sacramenti,</strong></span> <span class='ocrx_word' id='word_1_88' title='bbox 915 1668 995 1768; x_wconf 87' lang='lat' dir='ltr'><strong>quia</strong></span> <span class='ocrx_word' id='word_1_89' title='bbox 1013 1683 1259 1746; x_wconf 78' lang='lat' dir='ltr'><strong>sacramentnm</strong></span> 
     </span>
     <span class='ocr_line' id='line_1_13' title="bbox 150 1782 1259 1880; baseline 0.005 -26"><span class='ocrx_word' id='word_1_90' title='bbox 150 1808 190 1859; x_wconf 76' lang='lat' dir='ltr'><strong>ex</strong></span> <span class='ocrx_word' id='word_1_91' title='bbox 214 1782 423 1860; x_wconf 71' lang='lat' dir='ltr'><strong>institutione</strong></span> <span class='ocrx_word' id='word_1_92' title='bbox 450 1784 574 1858; x_wconf 81' lang='lat' dir='ltr'><strong>Christi</strong></span> <span class='ocrx_word' id='word_1_93' title='bbox 594 1784 637 1857; x_wconf 89' lang='lat' dir='ltr'><strong>ab</strong></span> <span class='ocrx_word' id='word_1_94' title='bbox 658 1783 716 1858; x_wconf 87' lang='lat' dir='ltr'><strong>illo</strong></span> <span class='ocrx_word' id='word_1_95' title='bbox 736 1784 797 1858; x_wconf 90' lang='lat' dir='ltr'><strong>rite</strong></span> <span class='ocrx_word' id='word_1_96' title='bbox 817 1784 899 1858; x_wconf 86' lang='lat' dir='ltr'><strong>inito</strong></span> <span class='ocrx_word' id='word_1_97' title='bbox 922 1783 1073 1880; x_wconf 79' lang='lat' dir='ltr'><strong>exurgit,</strong></span> <span class='ocrx_word' id='word_1_98' title='bbox 1102 1783 1208 1861; x_wconf 87' lang='lat' dir='ltr'><strong>immo</strong></span> <span class='ocrx_word' id='word_1_99' title='bbox 1227 1800 1259 1862; x_wconf 87' lang='lat' dir='ltr'><strong>et</strong></span> 
     </span>
     <span class='ocr_line' id='line_1_14' title="bbox 149 1898 1259 1976; baseline 0.003 -3"><span class='ocrx_word' id='word_1_100' title='bbox 149 1899 337 1975; x_wconf 79' lang='lat' dir='ltr'><strong>conficitur.</strong></span> <span class='ocrx_word' id='word_1_101' title='bbox 369 1901 471 1974; x_wconf 89' lang='lat' dir='ltr'><strong>Porro</strong></span> <span class='ocrx_word' id='word_1_102' title='bbox 496 1917 779 1975; x_wconf 80' lang='lat' dir='ltr'><strong>sacramentorum</strong></span> <span class='ocrx_word' id='word_1_103' title='bbox 806 1898 1117 1974; x_wconf 81' lang='lat' dir='ltr'><strong>administratione</strong></span> <span class='ocrx_word' id='word_1_104' title='bbox 1145 1898 1259 1976; x_wconf 77' lang='lat' dir='ltr'><strong>mode-</strong></span> 
     </span>
     <span class='ocr_line' id='line_1_15' title="bbox 150 2012 1259 2112; baseline 0.005 -25"><span class='ocrx_word' id='word_1_105' title='bbox 150 2012 235 2088; x_wconf 80' lang='lat' dir='ltr'><strong>ratio</strong></span> <span class='ocrx_word' id='word_1_106' title='bbox 260 2014 308 2090; x_wconf 81' lang='lat' dir='ltr'><strong>itu</strong></span> <span class='ocrx_word' id='word_1_107' title='bbox 331 2040 352 2086; x_wconf 87' lang='lat' dir='ltr'><strong>a</strong></span> <span class='ocrx_word' id='word_1_108' title='bbox 376 2013 510 2088; x_wconf 86' lang='lat' dir='ltr'><strong>Christo</strong></span> <span class='ocrx_word' id='word_1_109' title='bbox 529 2014 691 2088; x_wconf 82' lang='lat' dir='ltr'><strong>ecelesiae</strong></span> <span class='ocrx_word' id='word_1_110' title='bbox 718 2012 909 2088; x_wconf 87' lang='lat' dir='ltr'><strong>euneredite</strong></span> <span class='ocrx_word' id='word_1_111' title='bbox 932 2028 1000 2099; x_wconf 85' lang='lat' dir='ltr'><strong>est,</strong></span> <span class='ocrx_word' id='word_1_112' title='bbox 1025 2028 1063 2088; x_wconf 87' lang='lat' dir='ltr'><strong>ut</strong></span> <span class='ocrx_word' id='word_1_113' title='bbox 1085 2012 1164 2110; x_wconf 78' lang='lat' dir='ltr'><strong>ipsu</strong></span> <span class='ocrx_word' id='word_1_114' title='bbox 1180 2037 1259 2112; x_wconf 84' lang='lat' dir='ltr'><strong>pot·</strong></span> 
     </span>
     <span class='ocr_line' id='line_1_16' title="bbox 149 2126 1258 2229; baseline 0.003 -27"><span class='ocrx_word' id='word_1_115' title='bbox 149 2126 193 2202; x_wconf 83' lang='lat' dir='ltr'><strong>sit</strong></span> <span class='ocrx_word' id='word_1_116' title='bbox 217 2127 396 2203; x_wconf 88' lang='lat' dir='ltr'><strong>deeemere</strong></span> <span class='ocrx_word' id='word_1_117' title='bbox 417 2156 505 2229; x_wconf 88' lang='lat' dir='ltr'><strong>qnae</strong></span> <span class='ocrx_word' id='word_1_118' title='bbox 527 2130 568 2202; x_wconf 90' lang='lat' dir='ltr'><strong>ad</strong></span> <span class='ocrx_word' id='word_1_119' title='bbox 594 2157 709 2203; x_wconf 89' lang='lat' dir='ltr'><strong>eorum</strong></span> <span class='ocrx_word' id='word_1_120' title='bbox 729 2129 877 2204; x_wconf 82' lang='lat' dir='ltr'><strong>validam</strong></span> <span class='ocrx_word' id='word_1_121' title='bbox 898 2143 957 2203; x_wconf 88' lang='lat' dir='ltr'><strong>eut</strong></span> <span class='ocrx_word' id='word_1_122' title='bbox 981 2126 1167 2204; x_wconf 78' lang='lat' dir='ltr'><strong>invalidam</strong></span> <span class='ocrx_word' id='word_1_123' title='bbox 1183 2152 1258 2205; x_wconf 82' lang='lat' dir='ltr'><strong>een·</strong></span> 
     </span>
     <span class='ocr_line' id='line_1_17' title="bbox 149 2241 1257 2342; baseline 0.005 -29"><span class='ocrx_word' id='word_1_124' title='bbox 149 2241 325 2315; x_wconf 86' lang='lat' dir='ltr'><strong>lectionem</strong></span> <span class='ocrx_word' id='word_1_125' title='bbox 353 2260 505 2342; x_wconf 88' lang='lat' dir='ltr'><strong>spectent</strong></span> <span class='ocrx_word' id='word_1_126' title='bbox 534 2261 566 2316; x_wconf 90' lang='lat' dir='ltr'><strong>et</strong></span> <span class='ocrx_word' id='word_1_127' title='bbox 591 2271 787 2317; x_wconf 89' lang='lat' dir='ltr'><strong>concurrere</strong></span> <span class='ocrx_word' id='word_1_128' title='bbox 812 2241 945 2316; x_wconf 90' lang='lat' dir='ltr'><strong>debent.</strong></span> <span class='ocrx_word' id='word_1_129' title='bbox 982 2242 1066 2315; x_wconf 86' lang='lat' dir='ltr'><strong>Cum</strong></span> <span class='ocrx_word' id='word_1_130' title='bbox 1091 2242 1196 2338; x_wconf 82' lang='lat' dir='ltr'><strong>igitur</strong></span> <span class='ocrx_word' id='word_1_131' title='bbox 1222 2243 1257 2318; x_wconf 90' lang='lat' dir='ltr'><strong>in</strong></span> 
     </span>
     <span class='ocr_line' id='line_1_18' title="bbox 147 2357 1259 2458; baseline -0.002 -27"><span class='ocrx_word' id='word_1_132' title='bbox 147 2359 350 2433; x_wconf 86' lang='lat' dir='ltr'><strong>matrimonii</strong></span> <span class='ocrx_word' id='word_1_133' title='bbox 366 2376 573 2434; x_wconf 81' lang='lat' dir='ltr'><strong>sacramento</strong></span> <span class='ocrx_word' id='word_1_134' title='bbox 586 2359 793 2432; x_wconf 85' lang='lat' dir='ltr'><strong>conficiendo</strong></span> <span class='ocrx_word' id='word_1_135' title='bbox 806 2357 1176 2458; x_wconf 78' lang='lat' dir='ltr'><strong>requiraturlegitimue</strong></span> <span class='ocrx_word' id='word_1_136' title='bbox 1183 2383 1259 2432; x_wconf 85' lang='lat' dir='ltr'><strong>oon·</strong></span> 
     </span>
     <span class='ocr_line' id='line_1_19' title="bbox 146 2473 1258 2573; baseline 0.003 -24"><span class='ocrx_word' id='word_1_137' title='bbox 146 2488 290 2560; x_wconf 80' lang='lat' dir='ltr'><strong>tractus,</strong></span> <span class='ocrx_word' id='word_1_138' title='bbox 312 2475 371 2573; x_wconf 90' lang='lat' dir='ltr'><strong>qui</strong></span> <span class='ocrx_word' id='word_1_139' title='bbox 395 2475 500 2548; x_wconf 87' lang='lat' dir='ltr'><strong>oritur</strong></span> <span class='ocrx_word' id='word_1_140' title='bbox 517 2500 557 2546; x_wconf 87' lang='lat' dir='ltr'><strong>ex</strong></span> <span class='ocrx_word' id='word_1_141' title='bbox 574 2474 840 2566; x_wconf 81' lang='lat' dir='ltr'><strong>contrahentium</strong></span> <span class='ocrx_word' id='word_1_142' title='bbox 862 2499 1050 2558; x_wconf 82' lang='lat' dir='ltr'><strong>consensu,</strong></span> <span class='ocrx_word' id='word_1_143' title='bbox 1070 2473 1101 2547; x_wconf 86' lang='lat' dir='ltr'><strong>ei</strong></span> <span class='ocrx_word' id='word_1_144' title='bbox 1127 2489 1258 2552; x_wconf 62' lang='lat' dir='ltr'><strong>uentre</strong></span> 
     </span>
     <span class='ocr_line' id='line_1_20' title="bbox 147 2584 1254 2688; baseline 0 -24"><span class='ocrx_word' id='word_1_145' title='bbox 147 2600 221 2664; x_wconf 83' lang='lat' dir='ltr'><strong>otoo</strong></span> <span class='ocrx_word' id='word_1_146' title='bbox 238 2584 353 2659; x_wconf 87' lang='lat' dir='ltr'><strong>nullus</strong></span> <span class='ocrx_word' id='word_1_147' title='bbox 371 2587 469 2660; x_wconf 86' lang='lat' dir='ltr'><strong>luerit</strong></span> <span class='ocrx_word' id='word_1_148' title='bbox 487 2586 614 2661; x_wconf 89' lang='lat' dir='ltr'><strong>nullum</strong></span> <span class='ocrx_word' id='word_1_149' title='bbox 633 2588 756 2688; x_wconf 82' lang='lat' dir='ltr'><strong>pariter</strong></span> <span class='ocrx_word' id='word_1_150' title='bbox 773 2588 836 2660; x_wconf 89' lang='lat' dir='ltr'><strong>erit</strong></span> <span class='ocrx_word' id='word_1_151' title='bbox 854 2602 1099 2661; x_wconf 80' lang='lat' dir='ltr'><strong>sacramentum</strong></span> <span class='ocrx_word' id='word_1_152' title='bbox 1117 2586 1254 2686; x_wconf 70' lang='lat' dir='ltr'><strong>ipsum</strong></span> 
     </span>
     <span class='ocr_line' id='line_1_21' title="bbox 147 2700 1257 2801; baseline 0.005 -27"><span class='ocrx_word' id='word_1_153' title='bbox 147 2700 346 2774; x_wconf 72' lang='lat' dir='ltr'><strong>eutromius</strong></span> <span class='ocrx_word' id='word_1_154' title='bbox 367 2701 488 2774; x_wconf 88' lang='lat' dir='ltr'><strong>etiem:</strong></span> <span class='ocrx_word' id='word_1_155' title='bbox 521 2701 684 2776; x_wconf 80' lang='lat' dir='ltr'><strong>eeclesiae</strong></span> <span class='ocrx_word' id='word_1_156' title='bbox 700 2719 753 2775; x_wconf 89' lang='lat' dir='ltr'><strong>est</strong></span> <span class='ocrx_word' id='word_1_157' title='bbox 777 2728 940 2801; x_wconf 84' lang='lat' dir='ltr'><strong>personas</strong></span> <span class='ocrx_word' id='word_1_158' title='bbox 963 2701 1095 2776; x_wconf 76' lang='lat' dir='ltr'><strong>habites</strong></span> <span class='ocrx_word' id='word_1_159' title='bbox 1115 2719 1257 2780; x_wconf 85' lang='lat' dir='ltr'><strong>autnon</strong></span> 
     </span>
     <span class='ocr_line' id='line_1_22' title="bbox 147 2811 1254 2912; baseline 0.008 -28"><span class='ocrx_word' id='word_1_160' title='bbox 147 2811 278 2889; x_wconf 84' lang='lat' dir='ltr'><strong>hebileu</strong></span> <span class='ocrx_word' id='word_1_161' title='bbox 303 2814 473 2890; x_wconf 84' lang='lat' dir='ltr'><strong>declarem</strong></span> <span class='ocrx_word' id='word_1_162' title='bbox 497 2843 556 2889; x_wconf 87' lang='lat' dir='ltr'><strong>sen</strong></span> <span class='ocrx_word' id='word_1_163' title='bbox 581 2816 712 2892; x_wconf 82' lang='lat' dir='ltr'><strong>allicere</strong></span> <span class='ocrx_word' id='word_1_164' title='bbox 738 2816 780 2890; x_wconf 87' lang='lat' dir='ltr'><strong>ad</strong></span> <span class='ocrx_word' id='word_1_165' title='bbox 805 2816 952 2912; x_wconf 79' lang='lat' dir='ltr'><strong>legitime</strong></span> <span class='ocrx_word' id='word_1_166' title='bbox 971 2816 1254 2903; x_wconf 80' lang='lat' dir='ltr'><strong>contrahendum,</strong></span> 
     </span>
     <span class='ocr_line' id='line_1_23' title="bbox 146 2928 1258 3029; baseline 0.008 -29"><span class='ocrx_word' id='word_1_167' title='bbox 146 2943 247 3028; x_wconf 84' lang='lat' dir='ltr'><strong>etque</strong></span> <span class='ocrx_word' id='word_1_168' title='bbox 269 2928 394 3003; x_wconf 88' lang='lat' dir='ltr'><strong>ideireo</strong></span> <span class='ocrx_word' id='word_1_169' title='bbox 417 2931 460 3003; x_wconf 88' lang='lat' dir='ltr'><strong>ed</strong></span> <span class='ocrx_word' id='word_1_170' title='bbox 481 2930 718 3005; x_wconf 78' lang='lat' dir='ltr'><strong>eonferendum</strong></span> <span class='ocrx_word' id='word_1_171' title='bbox 739 2947 797 3005; x_wconf 90' lang='lat' dir='ltr'><strong>eut</strong></span> <span class='ocrx_word' id='word_1_172' title='bbox 816 2930 1045 3029; x_wconf 81' lang='lat' dir='ltr'><strong>recipiendum</strong></span> <span class='ocrx_word' id='word_1_173' title='bbox 1065 2929 1180 3008; x_wconf 65' lang='lat' dir='ltr'><strong>iulide</strong></span> <span class='ocrx_word' id='word_1_174' title='bbox 1202 2956 1258 3009; x_wconf 74' lang='lat' dir='ltr'><strong>uu·</strong></span> 
     </span>
     <span class='ocr_line' id='line_1_24' title="bbox 146 3044 1258 3144; baseline 0.004 -26"><span class='ocrx_word' id='word_1_175' title='bbox 146 3059 353 3119; x_wconf 80' lang='lat' dir='ltr'><strong>trementum</strong></span> <span class='ocrx_word' id='word_1_176' title='bbox 378 3045 580 3120; x_wconf 86' lang='lat' dir='ltr'><strong>matrimonii</strong></span> <span class='ocrx_word' id='word_1_177' title='bbox 611 3071 685 3119; x_wconf 91' lang='lat' dir='ltr'><strong>eum</strong></span> <span class='ocrx_word' id='word_1_178' title='bbox 708 3045 750 3120; x_wconf 91' lang='lat' dir='ltr'><strong>de</strong></span> <span class='ocrx_word' id='word_1_179' title='bbox 779 3072 814 3121; x_wconf 87' lang='lat' dir='ltr'><strong>re</strong></span> <span class='ocrx_word' id='word_1_180' title='bbox 840 3045 957 3121; x_wconf 89' lang='lat' dir='ltr'><strong>morali</strong></span> <span class='ocrx_word' id='word_1_181' title='bbox 984 3047 1084 3144; x_wconf 83' lang='lat' dir='ltr'><strong>eique</strong></span> <span class='ocrx_word' id='word_1_182' title='bbox 1113 3044 1258 3122; x_wconf 79' lang='lat' dir='ltr'><strong>obnoxiu</strong></span> 
     </span>
     <span class='ocr_line' id='line_1_25' title="bbox 146 3158 1258 3258; baseline 0.004 -28"><span class='ocrx_word' id='word_1_183' title='bbox 146 3174 274 3255; x_wconf 77' lang='lat' dir='ltr'><strong>agetur.</strong></span> <span class='ocrx_word' id='word_1_184' title='bbox 306 3159 518 3257; x_wconf 83' lang='lat' dir='ltr'><strong>Quapropter</strong></span> <span class='ocrx_word' id='word_1_185' title='bbox 538 3175 647 3258; x_wconf 86' lang='lat' dir='ltr'><strong>potest</strong></span> <span class='ocrx_word' id='word_1_186' title='bbox 680 3159 822 3231; x_wconf 87' lang='lat' dir='ltr'><strong>eeclesia</strong></span> <span class='ocrx_word' id='word_1_187' title='bbox 848 3185 1017 3257; x_wconf 88' lang='lat' dir='ltr'><strong>apponere</strong></span> <span class='ocrx_word' id='word_1_188' title='bbox 1048 3158 1258 3236; x_wconf 81' lang='lat' dir='ltr'><strong>conditiones</strong></span> 
     </span>
     <span class='ocr_line' id='line_1_26' title="bbox 147 3272 1258 3375; baseline 0 -30"><span class='ocrx_word' id='word_1_189' title='bbox 147 3275 222 3353; x_wconf 83' lang='lat' dir='ltr'><strong>aine</strong></span> <span class='ocrx_word' id='word_1_190' title='bbox 247 3274 372 3373; x_wconf 81' lang='lat' dir='ltr'><strong>quibus</strong></span> <span class='ocrx_word' id='word_1_191' title='bbox 393 3301 556 3375; x_wconf 84' lang='lat' dir='ltr'><strong>personae</strong></span> <span class='ocrx_word' id='word_1_192' title='bbox 577 3274 724 3372; x_wconf 78' lang='lat' dir='ltr'><strong>legitime</strong></span> <span class='ocrx_word' id='word_1_193' title='bbox 741 3274 938 3350; x_wconf 82' lang='lat' dir='ltr'><strong>contrahere</strong></span> <span class='ocrx_word' id='word_1_194' title='bbox 955 3299 1023 3352; x_wconf 88' lang='lat' dir='ltr'><strong>nen</strong></span> <span class='ocrx_word' id='word_1_195' title='bbox 1039 3272 1174 3349; x_wconf 83' lang='lat' dir='ltr'><strong>ualeant</strong></span> <span class='ocrx_word' id='word_1_196' title='bbox 1197 3298 1258 3346; x_wconf 87' lang='lat' dir='ltr'><strong>neo</strong></span> 
     </span>
     <span class='ocr_line' id='line_1_27' title="bbox 145 3387 1254 3489; baseline 0.005 -27"><span class='ocrx_word' id='word_1_197' title='bbox 145 3388 284 3486; x_wconf 84' lang='lat' dir='ltr'><strong>proinde</strong></span> <span class='ocrx_word' id='word_1_198' title='bbox 313 3408 559 3466; x_wconf 82' lang='lat' dir='ltr'><strong>eeerementum</strong></span> <span class='ocrx_word' id='word_1_199' title='bbox 592 3391 752 3477; x_wconf 82' lang='lat' dir='ltr'><strong>efficere,</strong></span> <span class='ocrx_word' id='word_1_200' title='bbox 788 3405 821 3466; x_wconf 88' lang='lat' dir='ltr'><strong>et</strong></span> <span class='ocrx_word' id='word_1_201' title='bbox 851 3389 975 3489; x_wconf 90' lang='lat' dir='ltr'><strong>quibus</strong></span> <span class='ocrx_word' id='word_1_202' title='bbox 1005 3387 1254 3475; x_wconf 71' lang='lat' dir='ltr'><strong>deficientibus.</strong></span> 
     </span>
     <span class='ocr_line' id='line_1_28' title="bbox 145 3502 1257 3603; baseline 0.003 -25"><span class='ocrx_word' id='word_1_203' title='bbox 145 3520 389 3578; x_wconf 68' lang='lat' dir='ltr'><strong>aeramentum</strong></span> <span class='ocrx_word' id='word_1_204' title='bbox 416 3505 545 3582; x_wconf 87' lang='lat' dir='ltr'><strong>nullum</strong></span> <span class='ocrx_word' id='word_1_205' title='bbox 564 3507 628 3592; x_wconf 84' lang='lat' dir='ltr'><strong>eit,</strong></span> <span class='ocrx_word' id='word_1_206' title='bbox 651 3506 804 3603; x_wconf 81' lang='lat' dir='ltr'><strong>adeoque</strong></span> <span class='ocrx_word' id='word_1_207' title='bbox 827 3520 861 3582; x_wconf 83' lang='lat' dir='ltr'><strong>et</strong></span> <span class='ocrx_word' id='word_1_208' title='bbox 878 3517 1081 3582; x_wconf 77' lang='lat' dir='ltr'><strong>contractus.</strong></span> <span class='ocrx_word' id='word_1_209' title='bbox 1098 3502 1172 3580; x_wconf 79' lang='lat' dir='ltr'><strong>Heu</strong></span> <span class='ocrx_word' id='word_1_210' title='bbox 1196 3529 1257 3581; x_wconf 77' lang='lat' dir='ltr'><strong>uu·</strong></span> 
     </span>
     <span class='ocr_line' id='line_1_29' title="bbox 143 3617 1252 3718; baseline 0.002 -29"><span class='ocrx_word' id='word_1_211' title='bbox 143 3630 208 3690; x_wconf 88' lang='lat' dir='ltr'><strong>tem</strong></span> <span class='ocrx_word' id='word_1_212' title='bbox 226 3617 434 3691; x_wconf 81' lang='lat' dir='ltr'><strong>mnditiones</strong></span> <span class='ocrx_word' id='word_1_213' title='bbox 451 3620 530 3695; x_wconf 87' lang='lat' dir='ltr'><strong>illae</strong></span> <span class='ocrx_word' id='word_1_214' title='bbox 548 3637 643 3705; x_wconf 85' lang='lat' dir='ltr'><strong>sunt,</strong></span> <span class='ocrx_word' id='word_1_215' title='bbox 663 3647 751 3718; x_wconf 86' lang='lat' dir='ltr'><strong>quae</strong></span> <span class='ocrx_word' id='word_1_216' title='bbox 767 3619 1007 3717; x_wconf 73' lang='lat' dir='ltr'><strong>impedimenta</strong></span> <span class='ocrx_word' id='word_1_217' title='bbox 1024 3617 1252 3716; x_wconf 80' lang='lat' dir='ltr'><strong>appellantur.</strong></span> 
     </span>
     <span class='ocr_line' id='line_1_30' title="bbox 143 3733 1257 3833; baseline 0 -23"><span class='ocrx_word' id='word_1_218' title='bbox 143 3733 227 3811; x_wconf 83' lang='lat' dir='ltr'><strong>Num</strong></span> <span class='ocrx_word' id='word_1_219' title='bbox 244 3760 349 3832; x_wconf 83' lang='lat' dir='ltr'><strong>penes</strong></span> <span class='ocrx_word' id='word_1_220' title='bbox 368 3738 566 3832; x_wconf 78' lang='lat' dir='ltr'><strong>potestatem</strong></span> <span class='ocrx_word' id='word_1_221' title='bbox 593 3735 764 3833; x_wconf 87' lang='lat' dir='ltr'><strong>publicem</strong></span> <span class='ocrx_word' id='word_1_222' title='bbox 786 3752 838 3809; x_wconf 84' lang='lat' dir='ltr'><strong>eet</strong></span> <span class='ocrx_word' id='word_1_223' title='bbox 862 3734 1070 3813; x_wconf 75' lang='lat' dir='ltr'><strong>conditione</strong></span> <span class='ocrx_word' id='word_1_224' title='bbox 1087 3734 1163 3810; x_wconf 78' lang='lat' dir='ltr'><strong>eine</strong></span> <span class='ocrx_word' id='word_1_225' title='bbox 1180 3734 1257 3833; x_wconf 87' lang='lat' dir='ltr'><strong>qni·</strong></span> 
     </span>
     <span class='ocr_line' id='line_1_31' title="bbox 140 3847 1256 3950; baseline 0.004 -29"><span class='ocrx_word' id='word_1_226' title='bbox 140 3847 207 3921; x_wconf 82' lang='lat' dir='ltr'><strong>bus</strong></span> <span class='ocrx_word' id='word_1_227' title='bbox 225 3864 413 3922; x_wconf 78' lang='lat' dir='ltr'><strong>contractus</strong></span> <span class='ocrx_word' id='word_1_228' title='bbox 431 3848 542 3923; x_wconf 85' lang='lat' dir='ltr'><strong>valide</strong></span> <span class='ocrx_word' id='word_1_229' title='bbox 560 3850 632 3921; x_wconf 90' lang='lat' dir='ltr'><strong>fieri</strong></span> <span class='ocrx_word' id='word_1_230' title='bbox 651 3875 717 3923; x_wconf 89' lang='lat' dir='ltr'><strong>non</strong></span> <span class='ocrx_word' id='word_1_231' title='bbox 736 3867 894 3949; x_wconf 81' lang='lat' dir='ltr'><strong>possunt,</strong></span> <span class='ocrx_word' id='word_1_232' title='bbox 923 3874 1110 3950; x_wconf 82' lang='lat' dir='ltr'><strong>epponem,</strong></span> <span class='ocrx_word' id='word_1_233' title='bbox 1127 3865 1172 3923; x_wconf 56' lang='lat' dir='ltr'><strong>&gt;et</strong></span> <span class='ocrx_word' id='word_1_234' title='bbox 1196 3875 1256 3925; x_wconf 80' lang='lat' dir='ltr'><strong>nu·</strong></span> 
     </span>
     <span class='ocr_line' id='line_1_32' title="bbox 143 3962 1256 4063; baseline 0.004 -27"><span class='ocrx_word' id='word_1_235' title='bbox 143 3963 295 4036; x_wconf 78' lang='lat' dir='ltr'><strong>minutim</strong></span> <span class='ocrx_word' id='word_1_236' title='bbox 320 3981 428 4038; x_wconf 87' lang='lat' dir='ltr'><strong>eertas</strong></span> <span class='ocrx_word' id='word_1_237' title='bbox 451 3990 613 4063; x_wconf 80' lang='lat' dir='ltr'><strong>personas</strong></span> <span class='ocrx_word' id='word_1_238' title='bbox 635 3965 677 4038; x_wconf 85' lang='lat' dir='ltr'><strong>ad</strong></span> <span class='ocrx_word' id='word_1_239' title='bbox 701 3965 964 4040; x_wconf 75' lang='lat' dir='ltr'><strong>contrahendum</strong></span> <span class='ocrx_word' id='word_1_240' title='bbox 991 3962 1162 4043; x_wconf 74' lang='lat' dir='ltr'><strong>inhabiles</strong></span> <span class='ocrx_word' id='word_1_241' title='bbox 1180 3962 1256 4040; x_wconf 80' lang='lat' dir='ltr'><strong>red·</strong></span> 
     </span>
     <span class='ocr_line' id='line_1_33' title="bbox 143 4077 1256 4180; baseline 0.003 -28"><span class='ocrx_word' id='word_1_242' title='bbox 143 4077 238 4165; x_wconf 70' lang='lat' dir='ltr'><strong>dorm</strong></span> <span class='ocrx_word' id='word_1_243' title='bbox 267 4080 328 4153; x_wconf 75' lang='lat' dir='ltr'><strong>aed</strong></span> <span class='ocrx_word' id='word_1_244' title='bbox 348 4097 496 4180; x_wconf 73' lang='lat' dir='ltr'><strong>potestus</strong></span> <span class='ocrx_word' id='word_1_245' title='bbox 514 4081 650 4180; x_wconf 86' lang='lat' dir='ltr'><strong>publiea</strong></span> <span class='ocrx_word' id='word_1_246' title='bbox 670 4081 733 4155; x_wconf 87' lang='lat' dir='ltr'><strong>hon</strong></span> <span class='ocrx_word' id='word_1_247' title='bbox 758 4108 824 4155; x_wconf 92' lang='lat' dir='ltr'><strong>nen</strong></span> <span class='ocrx_word' id='word_1_248' title='bbox 842 4095 951 4180; x_wconf 83' lang='lat' dir='ltr'><strong>potest</strong></span> <span class='ocrx_word' id='word_1_249' title='bbox 968 4080 1035 4158; x_wconf 75' lang='lat' dir='ltr'><strong>nini</strong></span> <span class='ocrx_word' id='word_1_250' title='bbox 1063 4079 1097 4152; x_wconf 82' lang='lat' dir='ltr'><strong>in</strong></span> <span class='ocrx_word' id='word_1_251' title='bbox 1123 4095 1256 4155; x_wconf 74' lang='lat' dir='ltr'><strong>metru-</strong></span> 
     </span>
     <span class='ocr_line' id='line_1_34' title="bbox 144 4184 1256 4306; baseline 0 -42"><span class='ocrx_word' id='word_1_252' title='bbox 144 4192 273 4281; x_wconf 85' lang='lat' dir='ltr'><strong>otibus‚</strong></span> <span class='ocrx_word' id='word_1_253' title='bbox 301 4196 359 4306; x_wconf 73' lang='lat' dir='ltr'><strong>qui</strong></span> <span class='ocrx_word' id='word_1_254' title='bbox 385 4196 428 4267; x_wconf 91' lang='lat' dir='ltr'><strong>ed</strong></span> <span class='ocrx_word' id='word_1_255' title='bbox 445 4223 552 4276; x_wconf 61' lang='lat' dir='ltr'><strong>,suum</strong></span> <span class='ocrx_word' id='word_1_256' title='bbox 575 4195 720 4269; x_wconf 88' lang='lat' dir='ltr'><strong>tribunal</strong></span> <span class='ocrx_word' id='word_1_257' title='bbox 745 4196 919 4296; x_wconf 88' lang='lat' dir='ltr'><strong>pertinent.</strong></span> <span class='ocrx_word' id='word_1_258' title='bbox 942 4193 1041 4301; x_wconf 79' lang='lat' dir='ltr'><strong>Atqui</strong></span> <span class='ocrx_word' id='word_1_259' title='bbox 1067 4184 1256 4266; x_wconf 84' lang='lat' dir='ltr'><strong>contractus</strong></span> 
     </span>
     <span class='ocr_line' id='line_1_35' title="bbox 142 4305 1255 4408; baseline -0.002 -28"><span class='ocrx_word' id='word_1_260' title='bbox 142 4307 415 4396; x_wconf 86' lang='lat' dir='ltr'><strong>matrimonialis,</strong></span> <span class='ocrx_word' id='word_1_261' title='bbox 438 4309 517 4408; x_wconf 85' lang='lat' dir='ltr'><strong>quie</strong></span> <span class='ocrx_word' id='word_1_262' title='bbox 530 4327 774 4385; x_wconf 75' lang='lat' dir='ltr'><strong>sacramentum</strong></span> <span class='ocrx_word' id='word_1_263' title='bbox 791 4324 854 4394; x_wconf 87' lang='lat' dir='ltr'><strong>eet,</strong></span> <span class='ocrx_word' id='word_1_264' title='bbox 875 4307 918 4387; x_wconf 83' lang='lat' dir='ltr'><strong>ed</strong></span> <span class='ocrx_word' id='word_1_265' title='bbox 932 4307 1094 4383; x_wconf 82' lang='lat' dir='ltr'><strong>eeclesiae</strong></span> <span class='ocrx_word' id='word_1_266' title='bbox 1108 4305 1255 4385; x_wconf 88' lang='lat' dir='ltr'><strong>tribunal</strong></span> 
     </span>
    </p>
   </div>
   <div class='ocr_carea' id='block_1_3' title="bbox 0 0 1406 5062">
    <p class='ocr_par' dir='ltr' id='par_1_5' title="bbox 0 0 1406 5062">
     <span class='ocr_line' id='line_1_36' title="bbox 0 0 1406 5062; baseline 0 2"><span class='ocrx_word' id='word_1_267' title='bbox 0 0 1406 5062; x_wconf 95' lang='lat' dir='ltr'><strong> </strong></span> 
     </span>
    </p>
   </div>
  </div>
 </body>
</html>
