2804 5062
154 385 1101 445 cnr.nnnsmnrsnncuurrnnn.vssrurss.nuru.
1156 367 1225 447 307

119 509 206 585 ribus
226 510 486 611 probabilibus,
513 512 596 611 quia
621 511 736 611 reipsa
760 512 959 611 argumenta
984 539 1051 587 uon
1077 513 1221 604 desunt,

119 653 191 726 puae
211 625 334 700 saltem
351 625 465 726 specie
482 641 581 700 tenus
599 626 749 700 alterutri
768 627 892 726 placito
906 628 1052 703 faveant.
1069 629 1137 703 Nos
1151 631 1226 731 qni·

119 768 178 818 sm
204 758 278 817 tuto
302 742 583 841 disceptationem
609 742 699 816 hanc
728 743 896 818 dimittere
923 770 1126 844 possemne,
1156 745 1224 818 nisi

121 858 389 933 eoeesitudinem
402 858 585 958 quomdam
600 859 739 933 heberet
752 887 829 934 eum
843 861 964 958 agendi
979 863 1108 935 ratione
1120 887 1223 962 qnam

119 974 191 1049 irco
213 975 383 1049 eiusmodi
403 976 560 1072 coniugia
573 992 663 1049 tenet
675 976 838 1064 ecclesie,
856 1004 944 1077 quae
958 977 1125 1051 obiectum
1142 1005 1225 1052 oon*

119 1090 211 1165 tituil
233 1090 479 1165 lucubrationis
502 1106 650 1165 nostrae.
676 1092 851 1192 Siquidem
872 1109 998 1166 certum
1025 1109 1078 1167 est
1101 1093 1224 1168 identi*

120 1233 176 1281 em
194 1205 375 1281 eeclesiam
393 1207 594 1307 dispensare
616 1207 651 1279 in
671 1205 766 1281 hisce
783 1208 1079 1283 coniunctionibus
1098 1210 1142 1283 ab
1159 1211 1224 1282 im-

119 1322 296 1397 sdimento
319 1323 529 1424 disparitatis
555 1324 691 1411 cultus3
721 1341 848 1398 certum
871 1342 1044 1423 praetereo
1072 1342 1124 1400 est
1148 1353 1224 1400 eam

121 1463 184 1513 uec
214 1439 293 1538 ipsa
316 1438 474 1535 coniugia
496 1464 564 1512 non
589 1438 815 1527 benedicere;
844 1456 972 1512 certum
999 1440 1148 1541 denique
1172 1455 1224 1515 est

119 1578 212 1654 psum
244 1552 472 1627 diversimode
505 1554 643 1627 omnino
678 1580 716 1627 se
750 1581 864 1651 gerere
895 1581 972 1628 cum
1007 1556 1050 1629 iis
1083 1558 1142 1656 qui
1174 1558 1222 1630 ita

119 1668 271 1743 oniuncti
299 1683 377 1741 sunt
394 1694 434 1741 ac
452 1695 490 1741 se
507 1683 602 1766 gerat
617 1694 694 1741 cum
713 1668 908 1741 infidelibus
930 1670 1135 1767 coniugatis:
1157 1671 1221 1745 hos

119 1785 188 1858 nim
208 1785 416 1885 quandoque
432 1785 560 1859 solutos
582 1785 718 1858 vinculo
736 1784 902 1870 declarat,
924 1784 1001 1859 illos
1020 1813 1216 1886 numquam.

167 1901 311 1974 Interim
333 1900 418 1974 haec
434 1902 512 2000 ipsu
532 1902 653 1999 agendi
675 1901 758 1973 ratio
771 1927 851 1997 erga
865 1900 928 1973 hos
942 1903 1103 2000 coniuges
1122 1903 1220 1977 nobis

119 2017 186 2091 ism
204 2016 458 2117 quodammodo
476 2018 596 2091 sternit
610 2017 653 2090 ad
669 2016 895 2116 adoptandam
914 2018 1114 2091 sententium
1133 2044 1221 2119 quae

119 2130 246 2207 llirmat
272 2133 466 2209 huiusmodi
493 2135 650 2232 coniugia
671 2159 712 2206 ex
733 2149 827 2233 parte
846 2132 937 2206 lideli
957 2133 1083 2208 habere
1105 2161 1220 2210 sucru-

119 2249 200 2323 tsnti
225 2249 402 2323 rationem.
426 2250 560 2323 Scilicet
582 2250 645 2323 rite
662 2248 819 2322 omnibus
837 2249 1014 2348 perpensis
1032 2251 1143 2324 verior
1160 2276 1221 2325 no-

119 2363 149 2439 is
173 2365 311 2438 videtur
336 2366 502 2439 sententia
519 2365 693 2438 affirmans
706 2392 746 2439 eo
759 2366 854 2465 ipso,
871 2364 962 2465 quod
974 2366 1083 2463 magis
1097 2367 1220 2440 cohoe-

119 2504 172 2554 sns
193 2480 239 2554 sit
260 2479 437 2553 doctrinae
455 2506 557 2579 quam
577 2479 722 2578 amplexi
745 2506 865 2552 sumus
882 2481 925 2553 de
942 2479 1218 2555 contrahentibus

119 2595 300 2671 tesamenti
321 2595 425 2670 huius
448 2596 635 2683 ministris,
660 2613 694 2670 et
715 2597 883 2695 practicae
909 2596 1071 2670 ecclesiae
1096 2597 1217 2695 agendi

119 2713 232 2788 sueni.

166 2826 280 2915 Quam
306 2844 344 2901 nt
369 2828 585 2902 adstruamus
622 2825 672 2901 sic
706 2828 925 2902 incedimus:
959 2829 1126 2903 sententia
1159 2829 1218 2903 illa

119 2944 315 3019 ruelerendu
338 2945 473 3018 videtur
489 2971 551 3045 pro
568 2970 636 3044 qua
654 2946 770 3042 gravio
789 2945 936 3018 militant
961 2947 1127 3019 rationum
1145 2972 1218 3021 mo-

119 3076 229 3150 nente,
247 3063 302 3135 cui
321 3063 433 3136 severe
453 3062 588 3136 videtur
603 3061 767 3135 ecelesiae
789 3063 923 3161 praxis,
940 3089 1096 3162 quaeque
1113 3062 1216 3135 nullis

119 3178 217 3252 olidis
254 3179 462 3276 argumentis
496 3178 695 3251 concutitur.
725 3177 816 3250 Talis
847 3204 946 3276 porro
975 3193 1027 3250 est
1052 3178 1217 3250 sententia

119 3295 270 3369 flii-mans
289 3295 323 3366 in
343 3294 447 3368 mixto
467 3295 624 3392 coniugio
643 3294 753 3367 fidelis
772 3320 847 3366 cum
867 3294 995 3365 infideli
1015 3292 1216 3366 contrahen-

119 3429 412 3485 ssacramentum
439 3411 569 3484 haberi.

164 3529 273 3615 Sane,
297 3529 407 3628 primu
430 3527 533 3612 ratio,
554 3553 642 3625 quae
669 3553 730 3625 pro
756 3527 819 3598 hac
843 3525 965 3598 militnt
991 3524 1158 3598 sententia
1174 3550 1215 3597 eu

119 3658 167 3731 st,
202 3669 292 3743 ques
317 3643 507 3716 desumitur
536 3669 575 3715 ex
600 3641 712 3723 verbis
739 3640 889 3740 Apostoli
913 3643 939 3712 l.
961 3640 1037 3714 Cor.
1059 3640 1130 3710 Vll.
1153 3641 1211 3710 14.

125 3759 366 3833 Sanctificatus
393 3773 445 3832 est
469 3759 522 3831 vir
543 3757 692 3830 infidelis
719 3785 780 3857 per
804 3757 978 3830 mulierem
1005 3756 1159 3840 fidelem,
1181 3770 1215 3827 et

119 3875 304 3950 notificata
327 3875 519 3949 est'mulier
541 3875 688 3947 infidelis
712 3902 772 3974 per
787 3874 897 3947 virum
920 3872 1052 3945 fidelem
1066 3901 1072 3958 ;
1088 3902 1104 3940 n
1123 3870 1214 3956 Qua-

119 4020 191 4066 rnus
218 4017 342 4090 nempe
366 3991 525 4065 alteruter
549 3992 716 4064 concurrit
733 4007 765 4062 ot
782 4005 983 4089 cooperatur
1007 3989 1049 4060 ad
1075 3987 1213 4059 alterius

119 4108 368 4194 inversionem3
391 4107 481 4207 quod
504 4106 643 4206 quidem
661 4106 733 4177 fieri
757 4105 855 4177 dobot
875 4104 977 4177 verbo
995 4119 1028 4176 et
1044 4101 1209 4202 exemplo,

119 4238 208 4297 intua
233 4222 430 4310 dilectione,
460 4221 639 4322 patientia,
664 4237 919 4319 ceterarumque
943 4219 1101 4293 virtutum
1119 4243 1213 4291 exer-

121 4343 186 4425 tio,
204 4363 293 4437 quae
304 4335 363 4410 tali
378 4336 480 4410 statui
495 4335 640 4407 maxime
652 4336 867 4410 conveniunt.
883 4335 951 4407 lam
966 4360 1062 4421 vero,
1079 4331 1211 4407 etiamsi

1141 4448 1162 4490 >ll
