2828 5054
150 344 219 420 tto
340 368 403 422 ιιι.
423 369 459 422 n.
479 369 566 423 anor.
586 368 716 421 ιιτιιι.
736 369 777 421 aa
800 369 925 421 rorasr.
949 366 1059 420 cmm.

147 514 223 564 mao
241 488 446 567 anomfitatis
466 488 661 588 religiosae,
687 513 754 564 non
777 504 888 564 autem
904 514 945 562 ox
962 489 1078 562 nativo
1094 485 1171 562 iure
1186 513 1254 563 ete

147 603 254 680 nisse.
272 594 393 691 'Quum
415 603 558 679 enimin
577 605 734 678 societate
759 628 891 706 pagana
914 603 987 678 sola
1010 603 1124 677 eivilis
1149 620 1254 677 aneto

147 710 229 795 ritas
254 713 431 818 vestigium
455 718 592 820 aliquod
616 712 812 794 divinitatis
827 720 1050 820 praeseferat,
1079 718 1152 792 diei
1176 719 1255 793 lorte

145 851 280 938 posset,
300 836 477 910 ‹lelioiente
492 834 627 936 penitus
646 834 842 910 auctoritato
863 834 1043 933 religiosa,
1064 834 1110 907 ad
1131 835 1256 908 maiora

146 950 238 1026 mala
260 950 397 1026 vitanda
421 950 456 1022 in
481 948 613 1025 civilem
632 952 862 1025 auctoritatem
878 949 953 1022 iura
970 965 1004 1023 et
1021 949 1139 1024 ollieia
1155 948 1256 1023 relate

147 1066 192 1140 ad
218 1065 386 1166 publicam
409 1065 634 1152 honestatem,
656 1080 757 1166 atque
782 1065 865 1139 aden
891 1065 934 1138 ad
959 1065 1123 1163 ooniugia
1146 1064 1257 1166 aliquo

148 1182 248 1256 modo
267 1181 398 1256 devolvi
420 1183 508 1279 (ll).
521 1182 564 1254 At
578 1181 607 1255 si
627 1208 737 1255 rerum
755 1197 873 1255 natura
893 1181 1075 1280 inspicitur
1096 1181 1256 1280 usquein

148 1310 236 1372 statu
264 1294 435 1396 religionis
459 1290 745 1397 supematuralis‚
776 1322 885 1397 neque
908 1296 942 1367 in
968 1287 1060 1368 statu
1086 1294 1257 1394 religionis

150 1411 326 1500 natumlis,
347 1412 507 1513 usquein
525 1428 612 1487 statu
639 1438 790 1513 paganae
812 1411 1062 1512 superstitionis
1089 1410 1256 1510 principes

149 1525 204 1602 ius
228 1525 353 1602 habent
374 1525 512 1627 aliquod
537 1528 572 1599 in
597 1526 799 1601 matrimonii
824 1525 1015 1614 vinculum,
1046 1551 1111 1600 nec
1136 1552 1197 1628 per
1221 1549 1257 1597 ss

148 1642 281 1717 irritare
304 1642 472 1717 ullatenus
488 1658 631 1744 possunt
652 1641 860 1717 subditomm
882 1641 1052 1739 eoniugia.

221 1757 332 1834 Foeda
354 1781 434 1832 voro
458 1783 588 1832 morum
617 1759 785 1859 corruptio
810 1783 897 1858 quaa
925 1755 990 1830 sub
1015 1757 1088 1830 Noe
1121 1755 1259 1854 contigit

149 1898 218 1948 non
240 1872 383 1949 defectui
408 1872 493 1972 legis
519 1873 683 1973 positivae
707 1873 808 1949 tribui
832 1872 932 1947 debet
955 1872 1047 1946 eirca
1071 1872 1255 1970 noningia,

148 2013 226 2062 eum
238 2013 354 2063 reeens
366 1988 479 2062 adhue
490 2003 583 2062 esset
594 1988 754 2062 memoria
768 1986 1140 2067 institutionisdisinae
1152 1988 1259 2088 ipsius

148 2103 316 2201 ooniugii,
344 2102 405 2177 ssd
432 2093 623 2178 inconsulta
643 2102 736 2176 luem
755 2102 911 2200 coniugia
935 2100 1106 2176 eelebrata
1132 2127 1154 2174 a
1179 2099 1257 2174 liliis

148 2217 229 2292 Seth
252 2243 328 2294 oum
354 2217 488 2292 filiabus
513 2219 688 2292 minitione
711 2218 847 2318 stirpis,
869 2216 992 2319 quibus
1011 2217 1140 2291 laetum
1156 2231 1209 2290 eat
1225 2231 1259 2289 ut

151 2333 188 2406 in
208 2331 370 2408 malorum
391 2334 540 2407 omnium
560 2333 730 2409 bsmtrum
753 2333 956 2420 insiderent,
979 2333 1259 2432 gravissimisque

150 2445 333 2522 seeleribns
357 2447 545 2544 omnigenis
570 2446 891 2522 nommaoularentur
911 2449 1000 2543 (ati).

220 2561 339 2636 Verum
354 2562 437 2661 quid
451 2561 494 2636 de
507 2564 702 2637 auctoritate
720 2562 898 2636 dicendum
919 2566 990 2635 sive
1010 2562 1255 2660 theologorum,

151 2676 223 2750 sive
239 2676 507 2765 canonistarum,
525 2678 582 2778 qui
596 2679 806 2779 principibus
824 2677 1018 2751 infidelibus
1033 2679 1089 2752 ius
1113 2678 1260 2751 tribuunt

222 2880 273 2943 (ts)
288 2881 354 2933 liaeo
370 2882 475 2934 niumm
493 2887 587 2936 tantum
608 2885 778 2949 hypothetica,
795 2887 902 2936 esurum
914 2899 943 2936 ex
960 2885 991 2934 iis
1009 2897 1075 2949 quaa
1091 2884 1262 2935 adnotavimus

151 2954 215 3010 eirea
224 2959 346 3012 detectum
355 2960 427 3012 ideae
444 2975 493 3025 qua
510 2964 535 3012 in
546 2964 664 3015 melecta
679 2968 792 3015 moletto
806 2965 916 3015 destituti
933 2966 1002 3014 erant
1023 2965 1150 3029 prinsipes
1163 2963 1261 3026 uzani,

150 3040 246 3090 sonalat
261 3039 328 3102 ipsos
341 3052 475 3103 numquam
497 3041 544 3090 sibi
565 3043 662 3106 proprie
681 3043 718 3093 ius
735 3056 860 3106 arrogasse
876 3043 901 3093 in
923 3040 1052 3092 vinculum
1076 3042 1110 3092 ad
1134 3041 1197 3092 illud
1213 3039 1261 3089 ἰπὶ·

151 3119 204 3168 luna
229 3118 386 3170 reddendum.
406 3122 458 3170 Hoc
477 3122 805 3185 [maleolentissimum
829 3121 950 3185 siquidem
971 3123 1069 3172 constat
1085 3123 1112 3171 in
1128 3122 1182 3171 iura
1202 3132 1260 3170 rom.

151 3198 246 3249 nullum
263 3199 411 3250 deciaratum
430 3202 569 3264 coniugium
583 3203 662 3252 aviro
680 3203 793 3253 senatorii
807 3202 900 3252 ordinis
916 3216 972 3252 cum
991 3202 1081 3252 liberta
1101 3203 1261 3253 mutraetum.

151 3281 194 3328 Ast
210 3279 231 3328 al
248 3279 287 3328 tir
303 3278 445 3343 dignitatem
461 3293 530 3329 snam
545 3281 669 3342 amiserit,
685 3280 771 3330 liberta
787 3280 879 3343 absque
891 3280 999 3331 ulioalio
1009 3283 1066 3330 actu
1083 3294 1150 3330 uxor
1165 3293 1217 3330 msa
1229 3279 1262 3327 in·

152 3359 266 3423 ciptsbat.
278 3360 319 3409 Sic
329 3361 401 3410 stiam
414 3361 434 3410 al
447 3362 526 3409 minor
538 3362 667 3412 duodecim
684 3362 754 3411 annis
763 3360 864 3410 domum
879 3360 1224 3423 omutueit‚toma1egem
1234 3357 1263 3408 ab

151 3438 222 3490 initio
231 3440 329 3502 nuptias
339 3453 387 3490 non
399 3439 512 3501 aderant,
524 3440 544 3490 sl
556 3443 636 3491 tamen
654 3440 776 3490 decimum
797 3442 912 3504 quartum
931 3452 1023 3489 annum
1042 3441 1181 3504 expleverit
1200 3440 1263 3489 iusta

153 3530 216 3568 uxor
238 3531 267 3568 an
286 3518 339 3581 ipso
358 3517 439 3568 flabat.
452 3519 490 3568 ct.
502 3518 544 3568 cit.
555 3518 656 3568 Dissert.
667 3519 812 3569 Lasaniens.
825 3532 879 3582 pag.
895 3523 945 3569 117.
958 3531 1002 3568 nes
1015 3531 1065 3569 non
1078 3518 1222 3581 Docilingea
1238 3516 1263 3565 in

152 3611 193 3662 op.
205 3598 295 3662 pariter
305 3599 347 3648 eit.
358 3598 712 3663 Hyppolitllutetcaltixtus.
721 3599 744 3663 §.
755 3600 798 3649 vt.
807 3599 838 3647 ad
850 3612 931 3648 amus.
942 3599 1093 3647 seriumne
1103 3595 1264 3647 matrimoniis

154 3675 260 3727 filiorum
271 3678 376 3728 familias
392 3690 455 3740 quae
470 3677 538 3727 nulla
554 3679 623 3728 iuxta
643 3678 737 3740 aliquot
755 3678 853 3727 iuristas
864 3691 878 3727 a
889 3676 983 3741 legibus
997 3690 1060 3727 rom.
1074 3675 1201 3727 declarata
1210 3677 1265 3725 snut

150 3758 233 3819 postea
250 3757 386 3821 loquemur.
399 3759 467 3814 Quae
483 3756 581 3821 quidam
599 3756 690 3807 indicia
707 3759 789 3820 aperta
802 3759 860 3807 snnt
872 3757 935 3819 leges
950 3756 1006 3807 ilias
1021 3756 1151 3808 vinculum
1167 3768 1218 3805 non
1230 3755 1262 3803 at·

151 3834 247 3898 tiglsae,
263 3835 304 3886 aad
324 3837 404 3887 solnm
418 3837 518 3887 effectus
535 3837 632 3898 civiles,
643 3837 688 3888 etsi
701 3836 774 3886 rerba
786 3837 853 3885 aliud
869 3835 972 3886 suadere
985 3835 1113 3885 interdum
1124 3834 1262 3885 videantur.

152 3916 271 3967 colmani
281 3916 1014 3981 etiamenempiumhabemusinlugibusGalllae.Namnulla
1024 3915 1266 3967 learomanavarbia

96 3987 99 3993 '
152 3993 213 4044 adso
232 3996 366 4060 perspicua
385 3996 522 4047 nullitatsm
533 3998 687 4061 pronuntiat,
698 3999 726 4046 ut
736 3997 876 4047 Ludosieus
885 3999 950 4046 xiil.
959 3999 1073 4060 respectu
1084 3997 1196 4061 onningii
1207 3996 1266 4045 lilio

154 4085 209 4121 rum
220 4074 322 4126 familias
332 4077 386 4127 aine
395 4090 513 4127 consensu
525 4081 652 4141 parentum
664 4079 791 4141 contracti,
798 4079 903 4127 attamen
913 4077 980 4126 clero
991 4077 1116 4140 gallicano
1124 4077 1265 4127 reclamanti

153 4151 277 4213 respondit
284 4155 459 4207 invaliditalem
467 4157 534 4208 illam
542 4172 651 4209 sonasse
661 4157 842 4221 intelligendam
850 4158 897 4207 nisi
906 4156 986 4219 quoad
995 4156 1203 4209 effectussimlas.

225 4230 275 4292 (ao)
290 4233 328 4282 ci.
341 4235 491 4287 Bonfrsaium
503 4235 527 4287 in
539 4238 604 4287 huno
615 4238 661 4288 loo.
673 4249 716 4287 noo
727 4250 775 4287 non
785 4236 881 4290 cornel.
891 4249 906 4287 a
918 4234 1026 4300 sapiae,
1039 4237 1154 4303 aliosque
1175 4233 1266 4302 passim

152 4308 393 4374 saoroalnterpaetea.
