2804 5062
214 387 331 438 mnu.
344 387 384 436 ns
397 384 486 439 auen.
499 386 744 443 routenoonsr.
757 388 824 438 rur.
838 387 1147 443 pernumerem.
1201 372 1245 447 63

148 505 270 603 dgerit,
291 503 483 603 debentque
500 502 592 600 leges
610 502 783 580 homiuum
797 504 829 582 ei
841 504 960 582 cedere
977 505 1053 583 sine
1070 506 1139 585 ullo
1156 531 1250 586 seru·

147 619 258 719 pido.»
277 619 352 697 Hoo
367 618 508 718 quidem
532 619 687 717 generale
710 637 763 697 est
786 620 921 697 Lutheri
948 622 1163 721 principium.
1184 624 1249 703 Sed

146 736 224 838 quid
247 738 321 838 ipos
347 735 505 833 intelligit
529 763 589 834 per
615 738 697 835 lepos
716 737 907 812 domiuum?
931 740 1034 836 Leges
1061 765 1104 816 ne
1128 740 1251 839 prinei·

146 852 250 952 pum?
272 853 431 938 Minium
453 868 491 928 ut
514 868 604 952 patet
618 879 660 929 ex
677 853 951 932 antecedentibus
967 872 1002 932 et
1018 857 1251 955 consequenti·

144 967 221 1051 bus,
250 994 313 1044 seu
338 993 380 1043 ex
405 967 507 1043 totius
531 968 691 1045 orationis
715 984 883 1046 contextu.

211 1083 436 1160 Praemiserat
447 1083 554 1159 euim:
568 1083 683 1169 «Quid
697 1100 808 1159 eutem
822 1085 972 1162 dicemus
985 1084 1029 1161 de
1041 1085 1157 1184 impiis
1170 1085 1250 1183 legi·

143 1199 207 1274 bus
231 1197 425 1284 hominum,
450 1197 573 1296 quibus
599 1197 663 1273 hoc
687 1199 777 1278 ritas
801 1225 907 1295 genua
931 1199 1094 1277 divinitus
1120 1200 1250 1279 iustitu·

144 1331 227 1400 tum.
254 1328 310 1391 est
335 1312 519 1399 irretitum,
546 1339 683 1391 sursum
705 1341 745 1388 ao
770 1314 927 1390 deorsum
953 1313 1135 1392 iactatum?
1158 1296 1250 1394 Deus

143 1427 243 1516 bone,
278 1427 401 1504 horror
427 1445 480 1505 est
508 1428 679 1505 intendere
708 1428 742 1503 iu
775 1431 983 1506 temeritatem
1011 1432 1251 1508 romanensium

144 1560 377 1644 tyrannorum
397 1544 482 1621 adeo
508 1571 567 1643 pro
592 1543 733 1623 libidine
758 1573 820 1622 sua
845 1546 1092 1634 dirimentium,
1114 1571 1248 1624 norsum

143 1658 329 1755 regentium
344 1657 560 1735 matrimonia
576 1661 689 1753 (iiio
708 1660 868 1738 Homines
893 1660 1012 1758 igitur,
1036 1659 1180 1740 Luthero
1197 1661 1250 1736 iu·

145 1789 299 1873 terprets.
327 1789 409 1850 sunt
431 1799 634 1850 mmeueueer
660 1777 814 1873 tyranni,
844 1774 1002 1852 nimirum
1028 1801 1111 1852 rom.
1141 1774 1251 1872 ponti·

145 1887 218 1967 ioue
242 1913 447 1987 sonumque.
467 1905 505 1964 ut
522 1889 595 1987 ipse
613 1889 780 1988 loquitur,
801 1888 976 1966 officiales.
999 1889 1109 1986 Pergit
1126 1886 1251 1965 deinde

146 2003 387 2103 ttimprobuta
409 2006 544 2079 Summo
567 2004 740 2101 doqelioo,
774 2029 862 2102 quae
893 2003 936 2080 ad
968 2003 1249 2082 confessariorum

147 2118 398 2195 iustrumionem
428 2119 577 2194 coniecta
607 2119 736 2204 iuerat,
767 2133 801 2190 st
828 2118 864 2192 in
896 2145 964 2218 que
991 2119 1107 2195 xvttt.
1137 2141 1251 2195 moen·

146 2233 302 2312 tobantur
318 2233 572 2334 impedimenta,
591 2236 731 2311 «Verum
750 2234 898 2331 gaudeo,
915 2233 1041 2333 iuquit,
1057 2233 1132 2311 istis
1149 2231 1251 2310 dede-

145 2350 264 2429 corosis
290 2349 426 2447 legibus
453 2376 550 2450 suam
580 2350 713 2426 tandem
743 2351 925 2447 contigisse
946 2348 1105 2446 gloriam;
1132 2371 1251 2445 nempe

144 2489 252 2539 aarum
269 2464 438 2537 beneficio
451 2464 551 2537 hodie
565 2490 767 2537 romonensis
779 2465 857 2538 iacti
872 2479 951 2537 sunt
963 2463 1247 2539 nundinatores...

144 2575 299 2677 Odigus
324 2579 536 2676 pontificibus
563 2582 682 2653 uostris
712 2580 909 2676 negotiatio,
941 2605 1043 2679 quam
1065 2604 1125 2678 pro
1150 2601 1251 2672 evan-

143 2693 216 2791 goiii
241 2693 455 2780 ministerio,
483 2694 574 2794 quod
601 2721 682 2793 prae
706 2695 870 2782 avaritia,
903 2710 937 2773 et
961 2693 1143 2772 ambitione
1172 2717 1252 2771 oon-

144 2812 378 2904 tumnunttidi
391 2809 430 2885 iu
447 2811 534 2907 Ergo
552 2810 600 2885 itti
619 2811 771 2887 homines
794 2825 873 2887 sunt
890 2811 1069 2909 pontifioes.
1092 2808 1158 2887 Sed
1182 2834 1251 2885 rur·

145 2951 214 3004 tutu
232 2924 452 3029 prosequitur
463 2925 647 3003 Luthems:
663 2926 771 3003 «Diuo
788 2942 916 3013 tamen,
932 2940 964 3002 et
975 2924 1065 3024 quod
1079 2923 1114 3000 in
1127 2948 1182 3000 me
1197 2937 1250 3000 est

145 3039 244 3126 isoio.
274 3064 419 3116 mouens
444 3056 478 3117 st
502 3065 623 3137 rogans
648 3066 764 3117 omnes
791 3039 982 3117 sacerdotes
1007 3054 1042 3115 et
1065 3039 1200 3123 iratres,
1220 3035 1251 3112 si

144 3153 286 3232 ridennt
309 3151 450 3252 aliquod
478 3153 773 3253 impedimentum,
800 3153 836 3229 in
861 3178 928 3253 quo
949 3153 1045 3250 Papo
1068 3163 1179 3249 potest
1198 3147 1252 3225 ‹ti-

145 3292 323 3366 speusare.
344 3281 379 3345 et
395 3267 486 3368 quud
512 3294 579 3345 non
601 3284 654 3345 ost
675 3267 708 3341 iu
730 3268 901 3367 Seriptura
922 3289 1138 3363 expressum,
1157 3277 1195 3339 ut
1211 3285 1251 3341 ea

146 3381 357 3460 umtrimonia
373 3383 588 3468 confirment,
609 3408 696 3482 quae
717 3397 832 3459 eontra
857 3380 1112 3462 aeclesiasticos,
1141 3391 1252 3476 tyrae

147 3501 231 3577 omos
246 3498 304 3575 eet
320 3499 505 3597 pmtifioioe
524 3499 608 3595 tepeo
625 3497 748 3575 inerint
769 3511 937 3576 eontracta
954 3495 1068 3589 (titi
1084 3492 1167 3573 fleis
1183 3517 1251 3569 nou

147 3638 281 3710 egemus
299 3614 548 3690 commentariis
566 3612 610 3688 ad
627 3639 818 3711 germanam
835 3611 970 3716 liutheri
987 3625 1133 3690 ruentem
1156 3634 1252 3689 asso·

148 3728 325 3827 quandam.
352 3727 418 3806 Sed
444 3754 621 3827 pergamus
651 3728 862 3828 insequentia
888 3727 995 3805 verba
1014 3726 1154 3804 efferret
1177 3721 1253 3800 «Et

149 3843 259 3950 Papa,
277 3844 413 3930 scribit,
428 3846 482 3919 ord
498 3848 663 3944 episeopus
675 3846 728 3920 ool
739 3845 912 3943 officialis,
933 3844 965 3922 si
981 3836 1253 3922 dissolventem

149 3959 234 4058 quod
252 3960 502 4034 matrimonium
520 3976 632 4033 contro
651 3962 750 4058 lepem
758 3962 913 4060 propedem
926 3958 1152 4040 contractum,
1168 3952 1253 4026 anti-

217 4180 269 4241 (rt)
282 4179 337 4238 fot.
350 4187 404 4237 ιιι.
417 4178 459 4232 ed.
470 4181 512 4232 ott.
526 4183 609 4236 rmto.

216 4260 268 4321 iit)
284 4259 349 4317 tuta.

217 4340 267 4400 (Π)
284 4337 347 4390 ibid.
366 4352 450 4389 orreo.
