2828 5054
199 376 1143 439 oanni.nsusv.aornar.rarno.rnr.ana.ansaranum.
1183 356 1251 439 ili

223 497 274 578 ad
287 498 389 586 liaeo,
411 497 546 598 aliaque
559 497 729 596 tigerus,
751 516 843 597 quaa
855 498 964 596 urgeri
975 514 1132 598 ‘possano
1150 522 1256 598 pauoa

149 613 561 688 animaduertam.'l'rimo
585 612 633 687 nil
657 613 779 687 mirum
803 632 899 700 essa,
920 614 951 688 e'i
968 641 1047 689 vera
1065 613 1191 687 amissa
1207 632 1256 696 to·

148 729 300 827 ligiona‘,
328 729 470 805 societas
491 745 559 804 tota
583 729 770 809 inordinata
787 729 853 818 sit,
868 729 898 805 ei
912 730 1071 809 aanotitoa
1088 727 1253 825 coniugii,

149 845 181 918 si
208 843 344 943 publiea
368 843 528 925 honestes
551 843 644 925 ulex
663 871 750 944 pena
766 870 807 920 ao
822 844 950 919 ineerta
966 843 1180 945 periclitetur.
1196 842 1255 919 So-

148 960 261 1035 onndo
280 959 543 1034 animadvertam
567 959 700 1035 oivilem
724 960 953 1039 auctoritatem
970 959 1131 1059 'potuisse
1153 946 1256 1041 inter}

148 1078 262 1153 dinero
283 1095 323 1150 ao
343 1075 521 1175 prohibero
544 1076 607 1152 sub
628 1076 838 1174 gravissimis
862 1076 962 1153 etiam
988 1075 1107 1174 poenis
1124 1073 1254 1174 quomi-

149 1210 215 1265 nus
241 1189 402 1264 nonnulla
418 1190 594 1264 'inirentur
618 1190 809 1278 connubia,
837 1217 877 1265 ao
901 1189 1063 1267 debuisse
1086 1203 1256 1288 praeterae

148 1296 303 1381 externos
321 1305 525 1380 matrimonii
537 1306 681 1386 ,ollactus
696 1305 886 1394 moderari,
909 1321 943 1380 ot
959 1324 1129 1405 paganum
1145 1327 1256 1378 saeer-

147 1420 299 1509 dotium,
325 1422 480 1521 quamuis
505 1420 734 1519 illegitimum,
756 1424 900 1520 practico
919 1418 1257 1498 tamenaibliusar-

149 1560 289 1632 rogasso
315 1536 352 1608 in
376 1536 551 1632 coniugia,
576 1550 619 1609 et‘
633 1536 668 1609 in
695 1535 863 1635 publicam
888 1533 1255 1610 honestatam.'lleveru

81 1636 84 1641 ’
149 1664 221 1722 tum
246 1648 369 1723 summi
385 1651 605 1739 'sacerdotem
631 1666 700 1729 tuni
722 1650 892 1749 principes
913 1649 985 1724 eive
1007 1649 1098 1735 iure,
1126 1647 1198 1722 sive
1220 1645 1254 1725 ti

148 1764 186 1836 in
207 1764 366 1840 eooiauts
389 1791 521 1866 pagana
546 1792 612 1840 non
638 1785 746 1865 pauca
768 1766 857 1840 cirea
882 1764 1093 1841 matrimonia
1108 1762 1257 1836 ¹honeste

149 1889 591 1980 sanxerunt,1quaniquam
616 1880 657 1952 in⁴
677 1880 831 1980 pluribus
859 1879 1061 1966 erraverint,
1093 1874 1256 1978 quamam

147 1993 289 2068 modum
306 2010 437 2070 oon‘stat
457 2016 498 2070 aa
522 2014 656 2098 pagane
670 1994 889 2094 ¹legislatione
904 1995 948 2068 de
963 1992 1089 2094 nuptiis
1111 1991 1256 2071 fitiorum

147 2108 321 2198 familias,
349 2130 390 2186 aa
414 2131 598 2199 serrorum,
617 2112 668 2185 ⁴do
696 2110 823 2212 nuptiis
848 2111 934 2184 inter
961 2108 1252 2205 consanguineos,

147 2223 269 2298 iratres
293 2225 382 2298 inter
405 2251 444 2300 ao
465 2246 596 2300 sorores
616 2229 688 2322 (26)
711 2225 817 2299 lilium
834 2246 875 2299 ao
891 2225 1181 2318 matrem-(ima
1198 2243 1256 2319 po

149 2339 385 2414 tissimumin-
405 2339 537 2439 legibus
570 2341 615 2416 da
634 2341 781 2416 'divortio
803 2343 892 2438 (28).
908 2338 987 2413 *Sed
1011 2337 1132 2413 vitiosa
1156 2335 1256 2411 etiam

148 2453 374 2552 legislatione
394 2457 569 2557 tyrannica
589 2457 757 2556 quaedam
777 2470 1001 2557 potastaa,'ao
1016 2452 1175 2550 religiosa
1197 2475 1256 2524 au·

148 2570 305 2670 perstitio
338 2572 454 2646 minus
486 2572 611 2647 malum
645 2573 778 2648 'oenserl
813 2586 922 2674 potest
958 2589 1058 2672 quam
1084 2566 1256 2642 -aoarohia

147 2707 289 2784 prorsus
310 2688 425 2775 aslon,
450 2704 550 2789 atque
574 2689 765 2763 omnimoda
787 2686 954 2785 irreligio,
975 2683 1251 2761 senatisismus.

147 2798 326 2874 Adventum
343 2800 491 2901 denique
512 2801 604 2901 quod
622 2801 651 2874 si
670 2802 703 2872 in
721 2801 880 2875 societate
892 2825 1023 2900 pagana
1043 2812 1191 2899 potestas
1206 2795 1255 2870 oi-

146 2911 227 2987 rilis
253 2913 381 3014 aliquid
406 2915 515 3015 potuit
538 2914 626 2989 ultra
647 2915 683 2988 id
700 2913 792 3015 quod
818 2934 928 3017 rorum
953 2927 1071 2988 natura
1088 2938 1128 2986 ao
1144 2927 1254 2985 neotus

148 3027 232 3103 onio
253 3027 475 3130 postularent,
496 3028 531 3102 id
548 3055 588 3103 ex
607 3028 788 3117 accidenti,
813 3043 915 3129 atque
934 3054 976 3103 ex
996 3027 1128 3103 deiectu
1144 3024 1254 3124 legiti-

224 3267 274 3334 (to)
289 3271 331 3322 Uti
349 3271 416 3337 apud
433 3271 572 3338 aegyptios.

220 3349 271 3413 (tt)
286 3349 358 3415 sono
374 3353 468 3402 Penas.
1242 3414 1246 3420 .

222 3428 272 3494 (aa)
287 3429 501 3496 apndRomanos3
512 3432 586 3496 atqua
597 3431 638 3483 iaie
650 3430 830 3496 animadverto,
842 3431 893 3483 tere
905 3430 1028 3484 saeinsirs
1045 3426 1198 3482 sdraurlos
1211 3439 1254 3494 ap·

147 3507 241 3574 patara
251 3523 296 3575 pro
307 3508 401 3574 habas
411 3508 630 3562 matrimonialibus
640 3509 717 3563 adina
726 3525 863 3562 romanum
875 3512 920 3563 ast
928 3509 1042 3562 deberent
1050 3511 1123 3562 ettam
1133 3506 1256 3574 appellare

148 3589 384 3655 adiegasatquead
399 3591 438 3642 ins
448 3591 552 3643 aitarnrn
570 3591 696 3656 genitum,
720 3604 793 3657 penes
811 3604 873 3657 quas
892 3592 957 3658 legas
976 3589 1023 3643 hae
1040 3591 1065 3642 in
1085 3604 1112 3642 ra
1125 3590 1255 3655 riguerunt

148 3670 232 3734 aperte
247 3668 404 3721 adversantes
421 3670 469 3721 tori
487 3673 598 3722 naturae.
609 3671 636 3721 si
647 3671 740 3723 vaiarst
752 3669 948 3724 aduersariorum
962 3669 1073 3736 generals
1090 3667 1254 3735 principium,

147 3762 197 3801 non
215 3749 297 3801 minus
316 3749 430 3801 mumndi
451 3752 510 3802 snnt
528 3751 670 3816 interpretas
685 3751 746 3802 iuris
765 3753 867 3803 naturae
886 3751 1035 3817 antiquiores
1058 3744 1206 3815 laasistores
1225 3762 1255 3821 so

147 3827 287 3895 principes,
303 3843 376 3894 quarn
396 3829 486 3883 tonant
502 3831 651 3895 legislatores
667 3832 692 3883 et
708 3830 829 3896 principes
842 3831 944 3882 romani.
963 3833 1040 3882 Porro
1053 3824 1202 3896 antiquiores
1215 3827 1253 3881 1111

148 3902 298 3961 abnormlter
316 3923 345 3961 ae
362 3910 489 3963 mmitats
505 3924 592 3962 arero
607 3909 781 3962 naturalitate
798 3909 952 3972 obtusorum,
966 3911 993 3962 ut
1003 3908 1217 3974 omnesiatentur3
1228 3908 1255 3960 at

148 3986 186 4038 1111
197 4001 242 4051 pro
253 3989 331 4041 aetate
341 4002 390 4053 qua
401 3987 466 4054 tages
476 3988 639 4041 condiderunt
653 4002 704 4041 non
719 3988 755 4039 ita
770 3989 931 4058 oensueront,
944 3983 998 4047 [imo
1016 3987 1134 4052 putabant
1149 4000 1176 4039 se
1189 3984 1254 4052 lenes
1299 4019 1302 4026 ·

148 4067 296 4120 rectissimas
311 4067 463 4134 eandidisse,
478 4069 612 4136 munitque
627 4069 835 4139 iiiisparoeront.
850 4067 911 4129 Quia
928 4062 986 4120 r'ero
996 4065 1062 4120 dicet
1072 4065 1180 4133 perillus
1188 4066 1255 4133 leges

150 4159 207 4198 rere
228 4147 311 4199 dirimi
331 4148 358 4199 in
377 4147 526 4200 conscientia
541 4146 670 4200 vinculum
687 4145 833 4212 ooningsle?
853 4148 986 4224 tirrarunt,
1002 4147 1031 4199 ut
1048 4144 1155 4199 vidimus
1166 4145 1192 4198 in
1203 4159 1254 4197 non

149 4226 235 4293 nands
251 4230 276 4280 et
293 4226 342 4294 ipsi
359 4228 473 4292 romanu
491 4227 615 4295 quomodo
636 4227 712 4294 igitur
727 4240 782 4301 asna
800 4224 856 4297 vim,
870 4225 935 4292 leges
955 4240 1067 4296 romanas
1083 4225 1197 4280 mulsae
1217 4223 1254 4277 di·

148 4306 253 4359 rimendi
275 4306 403 4360 dicemus?
881 4302 884 4311 ’
1152 4306 1155 4313 ’
