2804 5062
143 347 213 420 eso
385 368 446 420 nm.
468 368 503 420 ιι.
525 368 611 420 sacr.
636 368 658 419 ι.
680 369 720 420 ns
738 368 865 420 rorssr.
887 363 1014 420 noctus.

142 489 243 577 tebit,
271 504 310 563 ιιι
333 487 465 562 iaciant
482 513 678 589 processum
701 487 923 561 summarium
941 502 976 560 et
991 487 1178 586 scriptum,
1197 509 1260 590 quo

142 631 204 706 pro
228 605 318 679 omni
344 620 493 705 tempore
517 605 630 679 futuro
655 622 835 704 appareat,
859 602 913 679 uel
936 629 978 677 ex
1002 629 1064 693 eo,
1093 604 1189 705 quod
1213 607 1261 677 ina

143 718 337 820 terpellotus
363 745 429 793 non
455 718 664 819 respondet,
700 736 758 792 eut
783 718 864 818 quia
894 720 1071 816 ignoratur
1104 719 1166 792 ubi
1198 720 1256 807 sit,

143 852 201 912 aut
226 836 307 936 quia
332 833 427 908 dedit
450 851 684 932 argumentum
712 835 826 936 reipsa
848 836 955 935 aperti
977 835 1033 909 sui
1058 834 1255 922 dissensus,

142 968 202 1027 aut
218 953 298 1052 quia
321 948 454 1024 tandem
473 951 509 1022 in
527 966 619 1025 tanta
636 966 689 1024 est
705 950 888 1039 distantia,
909 966 947 1025 ut
964 949 1198 1050 interpellatio
1219 949 1257 1024 ad

143 1067 241 1141 illum
265 1067 444 1166 pervenire
468 1083 629 1167 nequeat,
650 1083 709 1141 aut
726 1066 846 1142 saltem
871 1092 927 1141 ros
952 1064 1005 1140 est
1029 1065 1177 1140 multum
1200 1066 1257 1138 dil·

143 1181 264 1269 li'cilis3
287 1180 351 1255 iste
371 1180 461 1254 enim
488 1182 646 1281 praevius
671 1180 852 1283 processus
878 1179 1088 1257 summarius
1113 1181 1255 1256 nascitur

143 1321 185 1370 ex
209 1294 329 1369 litteris
352 1312 386 1368 et
411 1294 532 1394 spiritu
548 1295 664 1371 Brevis
682 1295 888 1394 gregoriani.

217 1408 380 1496 Quamuis
405 1409 441 1481 in
467 1409 547 1483 lolio
573 1410 788 1500 facultatum,
817 1436 907 1512 quae
930 1410 1163 1485 missionariis
1186 1436 1253 1485 oon·

142 1525 327 1615 ceduntur,
344 1550 490 1625 sequens
502 1525 644 1601 facultas
661 1526 1070 1627 legatur.ollispensandi
1088 1526 1168 1601 cum
1184 1552 1252 1626 geo·

142 1640 260 1716 tilibus
283 1656 316 1715 et
341 1639 535 1715 infidelibus
561 1640 675 1741 plures
704 1668 824 1717 uxores
857 1641 1095 1729 habentibus,
1128 1658 1169 1716 ut
1190 1659 1253 1744 post

143 1756 416 1845 conversionem,
437 1772 471 1830 et
486 1756 693 1858 baptismum
719 1785 823 1859 quam
848 1783 890 1833 ex
916 1757 984 1833 illis
1011 1758 1251 1846 maluerint,si

142 1872 245 1948 etiam
269 1871 329 1946 illa
355 1870 465 1946 fidelis
491 1872 570 1960 fiat,
597 1873 741 1948 renuere
764 1873 923 1973 possint,
937 1873 1006 1947 nisi
1023 1874 1138 1975 prima
1154 1873 1250 1950 solue

143 1989 188 2063 rit
211 1987 361 2063 converti
377 1989 466 2084 (39).
483 1987 712 2076 Nihilominus
729 2015 843 2064 eorum
862 1990 1073 2064 conscientia
1092 2007 1248 2077 oneratur,

144 2102 204 2204 qui
217 2102 265 2178 uti
280 2129 348 2176 non
362 2102 487 2177 debent
497 2103 556 2177 tali
570 2103 739 2193 facultate,
760 2105 826 2178 nisi
844 2105 888 2178 ad
905 2130 1058 2179 normam
1078 2103 1250 2207 supradict

142 2220 258 2295 Brevis
276 2219 485 2318 gregoriani,
506 2220 654 2308 scilicet,
675 2235 795 2294 utnon
813 2219 1029 2322 dispensetur
1045 2222 1091 2296 ab
1109 2218 1250 2322 interpol-

145 2335 270 2411 latione
292 2336 421 2437 primae
440 2337 572 2424 uxoris,
593 2336 661 2411 nisi
679 2337 714 2409 in
735 2336 873 2412 casibus
892 2338 928 2410 in
944 2338 1042 2412 Brevi
1069 2338 1247 2440 expressis:

146 2452 434 2541 sollicitantem,
463 2469 501 2525 ut
525 2451 778 2552 interpelletur,
809 2453 839 2526 si
863 2453 945 2527 velit
968 2455 1120 2528 converti
1148 2456 1247 2550 (ldis

216 2567 327 2642 Facile
351 2584 402 2641 est
427 2568 584 2666 colligere
608 2594 649 2642 ex
675 2568 777 2642 huius
804 2568 925 2669 synodi
951 2569 1059 2656 actis,
1080 2569 1175 2669 quod
1197 2568 1249 2640 hn-

143 2683 290 2757 iusmodi
312 2683 584 2783 dispensationes
610 2710 694 2758 rom.
725 2684 920 2784 pontificum
945 2684 996 2757 Pii
1018 2685 1058 2757 V.
1080 2701 1114 2759 et
1141 2685 1249 2782 Grego-

145 2799 186 2871 rii
203 2799 294 2871 Xlll.
315 2799 470 2899 quamvis
489 2815 640 2901 spectata
665 2800 701 2871 in
727 2800 843 2874 stricto
868 2801 941 2874 iure
964 2801 1248 2899 dispensationum

145 2930 284 3002 natura,
309 2914 442 2988 extendi
470 2933 637 3015 nequeant
653 2943 687 2988 ιιι
702 2915 860 3016 paritate,
881 2916 1065 2989 autetiam
1092 2917 1249 2991 identitate

145 3057 285 3106 casuum
310 3029 353 3103 ad
378 3030 463 3104 alias
489 3049 605 3129 gentes
632 3048 764 3131 praeter
789 3031 867 3106 illas
885 3032 919 3103 in
945 3058 1090 3130 quarum
1118 3034 1247 3108 favorem

143 3148 243 3222 datae
268 3164 370 3235 sunt,
400 3164 511 3222 tamen
538 3148 645 3236 istae,
674 3148 814 3248 quaein
832 3149 978 3223 levorem
997 3149 1176 3237 Indorum,
1195 3149 1248 3220 ln·

144 3264 256 3362 golae,
271 3264 459 3364 AEthiopiae
471 3282 504 3339 et
516 3264 679 3338 Brasiliae
695 3264 829 3339 luerunt
845 3291 1027 3339 concessae
1043 3268 1137 3362 (ιι),
1152 3283 1248 3341 exten

144 3406 203 3456 sae
227 3381 327 3456 etiam
351 3381 420 3456 sint
444 3381 488 3454 ad
516 3380 697 3455 missiones
723 3381 822 3455 sinici
848 3381 980 3482 imperii
997 3383 1089 3478 (42).

216 3627 266 3690 (ιι)
282 3630 361 3678 lmmo
377 3626 469 3678 iamdiu
486 3626 647 3678 constituerat
660 3627 752 3677 Paulus
764 3628 807 3678 ιιι.
823 3633 843 3677 t.
855 3625 919 3676 iunii
931 3629 999 3676 15³7.
1011 3627 1036 3676 ln
1048 3621 1246 3679 antistitituo,

145 3707 258 3760 edicens:
275 3730 287 3753 ι
297 3709 345 3767 Qui
361 3712 417 3760 ante
433 3709 616 3759 couversionem
633 3709 716 3772 plures
731 3708 853 3758 habebant
873 3721 961 3757 uxores
976 3709 1002 3757 et
1018 3721 1070 3757 non
1088 3706 1248 3758 recordetur

145 3803 219 3852 quam
236 3790 315 3854 primo
332 3791 483 3854 acceperint,
500 3802 557 3839 curm
573 3789 675 3839 veniunt
691 3788 722 3838 ad
738 3787 825 3849 tidem,
842 3801 916 3838 unam
932 3801 962 3837 ex
979 3787 1029 3837 illis
1049 3788 1173 3851 accipiant
1187 3793 1246 3850 quam

144 3871 280 3931 voluerint,
293 3872 385 3921 etcum
399 3884 428 3920 ea
442 3870 626 3920 matrimonium
642 3871 788 3920 contrahent
804 3882 846 3932 per
862 3869 936 3919 verba
952 3868 983 3919 de
998 3869 1148 3932 praesenti.»

217 3951 268 4012 (ιο)
284 3952 344 4013 Gap.
357 3955 388 4000 x.
400 3963 424 3999 n.
436 3958 459 4001 8.
468 3952 560 4000 Romae
572 3956 640 4000 1822.

218 4029 268 4092 (ιι)
283 4031 346 4080 Sane
357 4029 503 4080 Benedictus
514 4031 623 4079 nimie
632 4027 729 4091 syuodo
744 4027 787 4078 lib.
797 4029 864 4077 vtlt.
875 4040 930 4090 cap.
938 4025 1172 4091 XX1.§.6.seriblt:
1180 4026 1246 4074 ιιιιιιι

145 4109 202 4159 illae
217 4109 404 4160 constitutiones
424 4123 445 4160 s.
461 4109 498 4159 Pii
515 4112 545 4158 v.
556 4110 581 4158 et
592 4108 703 4171 Gregorii
715 4111 780 4158 Χιιι.
793 4111 873 4158 certas
888 4106 1009 4171 orrasthm
1028 4110 1141 4171 regiones
1156 4106 1244 4156 ιιιιιιιι·

144 4189 219 4240 modo
241 4190 450 4253 complectuntur,
464 4189 673 4253 neque...extondi
690 4191 793 4251 possunt
803 4189 834 4239 od
847 4189 920 4252 alias,
930 4190 1101 4250 quamtumvis
1116 4185 1210 4239 rationis
1221 4190 1244 4230 ιι

146 4271 385 4323 circumstantiarum
399 4271 504 4335 paritas,
517 4271 695 4333 tutidentitas,
707 4271 732 4320 id
743 4271 847 4323 suadere
858 4269 996 4321 videatur.»

219 4350 270 4416 (ιι)
285 4352 319 4402 ut
329 4352 397 4416 patet
406 4364 435 4403 ex
449 4351 502 4416 ipsa
513 4350 602 4416 synodi
611 4350 761 4404 sumhuensi.
