2804 5062
981 211 996 278 s

155 347 224 420 2⁰0
395 368 457 420 um.
479 367 515 419 ιι.
536 366 623 419 sacr.
644 366 668 417 1.
690 367 730 418 or
755 365 881 418 corner.
904 365 1031 418 acmes.

224 486 435 562 Matrimonia
458 488 564 561 mixta
587 486 732 561 obnoxia
757 511 834 560 esse
858 486 1104 562 ecclesiasticis
1128 487 1256 588 impedi·

150 603 272 679 mentis
297 605 371 678 sive
395 592 630 677 dirimentibus
656 602 728 678 sive
747 602 1010 703 impedientibus
1037 603 1125 679 satis
1150 630 1209 705 per
1231 629 1257 678 so

150 735 307 821 spparct3
328 734 363 792 at
378 718 552 819 quaeritur
567 743 610 791 an
636 717 726 791 idem
743 717 923 791 dicendum
944 718 989 793 sit
1006 717 1050 792 de
1068 718 1195 794 iisdem
1213 720 1259 792 im

150 834 355 934 pedimentis
372 833 462 908 circa
484 833 698 907 matrimonia
716 833 974 909 haereticorum.
1004 835 1090 908 Tota
1116 835 1258 935 quaestio

150 964 204 1023 est
217 949 259 1023 de
271 948 511 1024 ecclesiasticis
526 949 777 1049 impedimentis
790 977 798 1037 ;
819 975 898 1023 nam
911 949 1004 1049 quod
1018 951 1142 1024 attinet
1154 950 1198 1024 ad
1211 952 1260 1022 im

151 1064 344 1164 pedimenta
356 1091 445 1165 quae
462 1092 502 1139 ex
520 1064 592 1138 iure
609 1079 762 1152 naturae,
778 1063 831 1138 vel
845 1090 886 1138 ex
900 1065 973 1137 iure
989 1064 1110 1139 divino
1123 1064 1257 1166 positivo

150 1180 322 1269 oriuntur,
341 1180 480 1255 evidens
503 1196 555 1254 est
580 1181 624 1254 iis
642 1207 709 1255 non
727 1180 840 1254 minus
858 1178 1044 1255 catholicos
1061 1206 1171 1282 quam
1195 1205 1258 1255 aoe-

149 1294 292 1369 tholicos
308 1295 484 1371 devinciri.
506 1294 593 1369 Hinc
618 1321 731 1379 error,
747 1322 799 1369 ex.
821 1321 896 1394 gr,
917 1294 1140 1396 impotentia,
1156 1322 1256 1371 amen·

149 1411 215 1500 tis,
233 1410 396 1510 ligamen,
415 1411 511 1486 irrita
531 1410 676 1486 reddunt
697 1411 943 1486 haereticorum
967 1413 1071 1487 etiam
1097 1413 1252 1511 'coniugia

222 1525 288 1600 Sed
314 1525 468 1626 quaestio
492 1525 594 1600 etiam
620 1525 664 1599 de
688 1525 928 1602 ecclesiasticis
946 1525 1255 1627 impedimentisie

152 1639 217 1716 oile
242 1640 388 1723 solvitur,
408 1668 449 1719 ex
473 1639 622 1739 generali
648 1641 834 1742 principio,
865 1667 933 1742 quo
962 1640 1126 1719 statuitur
1155 1665 1254 1715 omne

147 1753 358 1856 baptizatos,
378 1756 530 1857 adeoque
548 1757 648 1833 etiam
667 1756 875 1845 haereticos,
896 1755 1153 1832 universalibus
1168 1755 1252 1831 ecclc

149 1871 221 1954 siae
238 1871 372 1971 legibus
396 1872 552 1972 obligari.
581 1871 674 1948 Licet
697 1873 788 1950 enim
814 1871 958 1947 rebelles
974 1873 1044 1947 sint
1065 1888 1170 1974 etque
1193 1895 1253 1972 apo

149 2003 274 2077 statae,
294 1987 374 2062 licet
392 1989 462 2066 sint
477 2004 570 2062 extra
587 1988 788 2077 ecclesiam,
808 1989 852 2062 ad
870 1987 1047 2064 ecclesiam
1066 2003 1181 2063 tamen
1196 1988 1251 2060 iure

148 2104 332 2202 pertinent,
353 2120 453 2204 prout
476 2129 556 2179 oues
581 2130 621 2181 ex
647 2103 727 2178 ovili
752 2103 915 2206 profugae
933 2103 977 2179 ad
1001 2103 1106 2180 ovilis
1126 2104 1248 2186 herum,

149 2243 189 2292 ac
215 2235 315 2319 prout
339 2219 533 2318 transfugae
556 2218 682 2294 milites
706 2218 750 2295 ad
775 2219 964 2319 prinoipem
989 2234 1149 2318 spectent
1170 2218 1249 2293 cuius

148 2334 308 2409 vexillum
326 2335 517 2417 deseruere.
547 2333 619 2417 Hac
635 2334 678 2408 de
695 2361 733 2409 re
756 2335 804 2413 ita
820 2335 991 2434 praeclare
1001 2335 1131 2418 *mribit
1153 2335 1249 2419 Suam·

148 2449 244 2531 zius:
277 2451 477 2532 «Haeretici
503 2467 582 2525 sunt
605 2476 684 2534 vere
717 2450 860 2531 subiecti
890 2449 1144 2525 ecclesiastieae
1168 2447 1250 2523 iuris·

147 2564 309 2650 dictioni;
335 2592 415 2650 nam
436 2566 579 2648 retinent
599 2565 826 2643 characterem
847 2564 1087 2664 baptismalem
1109 2563 1200 2664 quod
1214 2573 1250 2634 eet

147 2677 402 2766 fundamentum
420 2679 524 2754 huius
543 2680 776 2754 subiectionis.
807 2680 849 2753 Et
866 2679 946 2753 licet
965 2679 1155 2752 secundum
1176 2700 1249 2779 prae·

147 2809 276 2867 sentem
309 2810 432 2868 statum
465 2822 532 2868 non
566 2795 635 2869 sint
667 2795 824 2869 absolute
855 2793 1025 2882 membra,
1060 2811 1175 2868 tamen
1194 2791 1249 2866 ‘di-

147 2910 283 3009 quando
307 2910 442 2983 suerunt
466 2910 636 2997 membra,
664 2928 697 2985 et
717 2926 835 2984 contra
860 2909 914 2982 ius
935 2909 1102 2984 ecclesiae
1123 2904 1250 3009 ecquid·

145 3038 216 3097 tum
248 3024 482 3126 deliquerunt,
513 3052 551 3100 se
581 3025 624 3099 ab
647 3025 705 3099 illa
742 3025 953 3126 separando,
988 3050 1192 3125 semperque
1219 3018 1249 3096 ad

146 3138 239 3212 illam
257 3139 367 3226 redire
385 3140 459 3239 cogi
482 3157 644 3240 possunt,
672 3141 755 3241 quia
779 3140 914 3237 signum
940 3137 1251 3215 ecclesiastioeeiu·

145 3255 354 3343 riedictionis
379 3282 513 3358 semper
530 3259 566 3329 in
584 3283 622 3331 se
648 3256 811 3344 retinent,
841 3273 874 3330 et
893 3255 1022 3330 ratione
1044 3255 1139 3330 illius
1164 3249 1251 3330 veluti

146 3370 395 3457 inchoationem
436 3368 620 3472 quamdam
661 3371 787 3445 hebent
822 3369 1049 3444 membrorum
1086 3369 1250 3445 ecclesiae.

145 3485 242 3559 Unde
263 3488 321 3575 fit,
342 3504 380 3561 ut
401 3487 474 3572 eius
497 3487 685 3587 praeceptis
703 3487 914 3584 obligentur,
940 3503 973 3560 et
994 3503 1113 3562 contra
1130 3512 1173 3561 ee
1188 3507 1253 3586 peu

145 3601 304 3688 cantilla
329 3629 397 3675 non
422 3604 588 3678 servando
615 3605 679 3699 (2).
694 3632 711 3673 »

217 3717 302 3790 Cum
336 3718 437 3816 igitur
468 3719 708 3818 impedimenta
739 3719 933 3815 coniugium
966 3716 1162 3811 dirimentia
1177 3803 1180 3809 Ι
1194 3717 1256 3789 iure

146 3832 376 3922 ecclesiastico
394 3834 574 3922 constituta
595 3835 687 3932 leges
706 3835 775 3908 sint
795 3832 1025 3920 universales,
1054 3832 1197 3907 evidens
1213 3845 1257 3904 est

211 4093 246 4156 (t)
262 4098 301 4146 Dc
320 4095 422 4160 leatbao
435 4096 479 4155 ΙΙΙ).
502 4100 544 4149 lv.
561 4111 615 4163 cap.
639 4105 675 4149 19.
689 4112 715 4149 n.
737 4105 760 4148 t.
772 4096 805 4147 es.
824 4096 900 4148 ctiam
916 4097 952 4146 De
967 4096 1036 4158 hugo
1052 4093 1078 4144 in
1095 4107 1137 4158 op
1154 4096 1195 4144 De
1206 4089 1259 4155 fids

144 4168 207 4235 (11⁸1).
223 4173 288 4223 xxl.
300 4187 348 4225 seo.
364 4177 383 4226 1.
396 4179 422 4227 et
431 4179 464 4227 11.
480 4177 620 4228 Bellarmin.
632 4180 669 4228 Dc
679 4177 789 4228 eoeleste
800 4176 844 4226 lib.
857 4177 903 4226 111.
916 4187 970 4239 cap.
985 4178 1009 4225 t.
1022 4187 1048 4223 n.
1065 4179 1104 4225 to.
1115 4175 1142 4224 et
1159 4173 1204 4224 lib.
1218 4171 1256 4221 ru

142 4253 181 4307 De
200 4250 276 4304 latcts
293 4267 316 4304 c,
339 4262 377 4306 22.
393 4268 503 4309 necnon
520 4258 592 4310 Btncr
608 4260 760 4326 Apparatus
780 4256 937 4313 amariano
955 4252 1150 4308 ccclestoettcoe
1166 4251 1259 4318 perth

142 4343 164 4392 e
178 4336 201 4390 t.
214 4330 325 4397 tliotoue
339 4333 439 4399 poem,
