<?xml version="1.0" encoding="UTF-8"?>
<!DOCTYPE html PUBLIC "-//W3C//DTD XHTML 1.0 Transitional//EN"
    "http://www.w3.org/TR/xhtml1/DTD/xhtml1-transitional.dtd">
<html xmlns="http://www.w3.org/1999/xhtml" xml:lang="en" lang="en">
 <head>
  <title>
</title>
<meta http-equiv="Content-Type" content="text/html;charset=utf-8" />
  <meta name='ocr-system' content='tesseract 3.04.00' />
  <meta name='ocr-capabilities' content='ocr_page ocr_carea ocr_par ocr_line ocrx_word'/>
</head>
<body>
  <div class='ocr_page' id='page_1' title='image "./dematrimoniochr02perrgoog_0286.png"; bbox 0 0 2804 5062; ppageno 0'>
   <div class='ocr_carea' id='block_1_1' title="bbox 195 362 1260 440">
    <p class='ocr_par' dir='ltr' id='par_1_1' title="bbox 195 362 1260 440">
     <span class='ocr_line' id='line_1_1' title="bbox 195 362 1260 440; baseline 0.001 -1"><span class='ocrx_word' id='word_1_1' title='bbox 195 386 374 440; x_wconf 72' lang='lat' dir='ltr'><strong>memor</strong></span> <span class='ocrx_word' id='word_1_2' title='bbox 387 383 629 436; x_wconf 73' lang='lat' dir='ltr'><strong>utrumnum.</strong></span> <span class='ocrx_word' id='word_1_3' title='bbox 642 384 706 436; x_wconf 86' lang='lat' dir='ltr'><strong>rur.</strong></span> <span class='ocrx_word' id='word_1_4' title='bbox 719 384 756 436; x_wconf 85' lang='lat' dir='ltr'><strong>sa</strong></span> <span class='ocrx_word' id='word_1_5' title='bbox 769 385 1091 438; x_wconf 74' lang='lat' dir='ltr'><strong>nascuncuntur.</strong></span> <span class='ocrx_word' id='word_1_6' title='bbox 1105 391 1136 439; x_wconf 90' lang='lat' dir='ltr'><strong>v.</strong></span> <span class='ocrx_word' id='word_1_7' title='bbox 1188 362 1260 440; x_wconf 72' lang='lat'><strong>287</strong></span> 
     </span>
    </p>
   </div>
   <div class='ocr_carea' id='block_1_2' title="bbox 142 503 1264 4059">
    <p class='ocr_par' dir='ltr' id='par_1_2' title="bbox 142 503 1264 2443">
     <span class='ocr_line' id='line_1_2' title="bbox 144 503 1259 591; baseline 0.004 -11"><span class='ocrx_word' id='word_1_8' title='bbox 144 522 200 580; x_wconf 85' lang='lat' dir='ltr'><strong>ant</strong></span> <span class='ocrx_word' id='word_1_9' title='bbox 223 505 384 579; x_wconf 88' lang='lat' dir='ltr'><strong>haeretici</strong></span> <span class='ocrx_word' id='word_1_10' title='bbox 410 503 499 579; x_wconf 91' lang='lat' dir='ltr'><strong>inter</strong></span> <span class='ocrx_word' id='word_1_11' title='bbox 522 527 584 591; x_wconf 90' lang='lat' dir='ltr'><strong>so,</strong></span> <span class='ocrx_word' id='word_1_12' title='bbox 613 518 671 577; x_wconf 86' lang='lat' dir='ltr'><strong>aut</strong></span> <span class='ocrx_word' id='word_1_13' title='bbox 695 528 772 578; x_wconf 94' lang='lat' dir='ltr'><strong>cum</strong></span> <span class='ocrx_word' id='word_1_14' title='bbox 803 503 978 580; x_wconf 80' lang='lat' dir='ltr'><strong>catholicis</strong></span> <span class='ocrx_word' id='word_1_15' title='bbox 1004 506 1062 580; x_wconf 90' lang='lat' dir='ltr'><strong>ubi</strong></span> <span class='ocrx_word' id='word_1_16' title='bbox 1088 508 1259 584; x_wconf 82' lang='lat' dir='ltr'><strong>decretum</strong></span> 
     </span>
     <span class='ocr_line' id='line_1_3' title="bbox 144 619 1261 720; baseline 0.008 -27"><span class='ocrx_word' id='word_1_17' title='bbox 144 622 364 695; x_wconf 86' lang='lat' dir='ltr'><strong>tridentinum</strong></span> <span class='ocrx_word' id='word_1_18' title='bbox 390 619 598 720; x_wconf 91' lang='lat' dir='ltr'><strong>publicatum</strong></span> <span class='ocrx_word' id='word_1_19' title='bbox 620 636 673 696; x_wconf 88' lang='lat' dir='ltr'><strong>est</strong></span> <span class='ocrx_word' id='word_1_20' title='bbox 688 636 722 694; x_wconf 85' lang='lat' dir='ltr'><strong>et</strong></span> <span class='ocrx_word' id='word_1_21' title='bbox 738 637 907 695; x_wconf 87' lang='lat' dir='ltr'><strong>servatum</strong></span> <span class='ocrx_word' id='word_1_22' title='bbox 925 622 1160 713; x_wconf 89' lang='lat' dir='ltr'><strong>acatholicis,</strong></span> <span class='ocrx_word' id='word_1_23' title='bbox 1181 625 1261 702; x_wconf 84' lang='lat' dir='ltr'><strong>lieet</strong></span> 
     </span>
     <span class='ocr_line' id='line_1_4' title="bbox 142 730 1260 837; baseline 0.004 -26"><span class='ocrx_word' id='word_1_24' title='bbox 142 763 179 811; x_wconf 84' lang='lat' dir='ltr'><strong>ex</strong></span> <span class='ocrx_word' id='word_1_25' title='bbox 208 751 310 836; x_wconf 89' lang='lat' dir='ltr'><strong>parte</strong></span> <span class='ocrx_word' id='word_1_26' title='bbox 340 735 509 810; x_wconf 80' lang='lat' dir='ltr'><strong>haeretica</strong></span> <span class='ocrx_word' id='word_1_27' title='bbox 540 730 726 837; x_wconf 79' lang='lat' dir='ltr'><strong>intemplo</strong></span> <span class='ocrx_word' id='word_1_28' title='bbox 750 763 820 836; x_wconf 90' lang='lat' dir='ltr'><strong>quo</strong></span> <span class='ocrx_word' id='word_1_29' title='bbox 843 737 909 836; x_wconf 90' lang='lat' dir='ltr'><strong>ipsi</strong></span> <span class='ocrx_word' id='word_1_30' title='bbox 935 740 1157 814; x_wconf 89' lang='lat' dir='ltr'><strong>communiter</strong></span> <span class='ocrx_word' id='word_1_31' title='bbox 1182 767 1260 815; x_wconf 90' lang='lat' dir='ltr'><strong>cum</strong></span> 
     </span>
     <span class='ocr_line' id='line_1_5' title="bbox 142 851 1255 954; baseline 0.003 -28"><span class='ocrx_word' id='word_1_32' title='bbox 142 852 300 927; x_wconf 79' lang='lat' dir='ltr'><strong>catholici</strong></span> <span class='ocrx_word' id='word_1_33' title='bbox 326 865 482 940; x_wconf 86' lang='lat' dir='ltr'><strong>utuntur,</strong></span> <span class='ocrx_word' id='word_1_34' title='bbox 503 851 586 924; x_wconf 90' lang='lat' dir='ltr'><strong>illud</strong></span> <span class='ocrx_word' id='word_1_35' title='bbox 603 852 773 924; x_wconf 89' lang='lat' dir='ltr'><strong>decretum</strong></span> <span class='ocrx_word' id='word_1_36' title='bbox 796 878 863 927; x_wconf 92' lang='lat' dir='ltr'><strong>uon</strong></span> <span class='ocrx_word' id='word_1_37' title='bbox 881 853 980 926; x_wconf 87' lang='lat' dir='ltr'><strong>luerit</strong></span> <span class='ocrx_word' id='word_1_38' title='bbox 997 855 1255 954; x_wconf 84' lang='lat' dir='ltr'><strong>promulgatum.</strong></span> 
     </span>
     <span class='ocr_line' id='line_1_6' title="bbox 142 965 1261 1068; baseline 0.006 -29"><span class='ocrx_word' id='word_1_39' title='bbox 142 969 229 1041; x_wconf 87' lang='lat' dir='ltr'><strong>Satis</strong></span> <span class='ocrx_word' id='word_1_40' title='bbox 251 967 349 1041; x_wconf 88' lang='lat' dir='ltr'><strong>enim</strong></span> <span class='ocrx_word' id='word_1_41' title='bbox 375 982 427 1040; x_wconf 87' lang='lat' dir='ltr'><strong>est</strong></span> <span class='ocrx_word' id='word_1_42' title='bbox 453 967 487 1038; x_wconf 92' lang='lat' dir='ltr'><strong>in</strong></span> <span class='ocrx_word' id='word_1_43' title='bbox 512 965 631 1041; x_wconf 89' lang='lat' dir='ltr'><strong>eodem</strong></span> <span class='ocrx_word' id='word_1_44' title='bbox 657 965 782 1067; x_wconf 90' lang='lat' dir='ltr'><strong>templo</strong></span> <span class='ocrx_word' id='word_1_45' title='bbox 803 967 910 1042; x_wconf 90' lang='lat' dir='ltr'><strong>luisse</strong></span> <span class='ocrx_word' id='word_1_46' title='bbox 936 984 970 1041; x_wconf 85' lang='lat' dir='ltr'><strong>et</strong></span> <span class='ocrx_word' id='word_1_47' title='bbox 994 968 1201 1068; x_wconf 89' lang='lat' dir='ltr'><strong>publicatum</strong></span> <span class='ocrx_word' id='word_1_48' title='bbox 1226 987 1261 1046; x_wconf 89' lang='lat' dir='ltr'><strong>et</strong></span> 
     </span>
     <span class='ocr_line' id='line_1_7' title="bbox 142 1081 1261 1185; baseline 0.003 -29"><span class='ocrx_word' id='word_1_49' title='bbox 142 1082 315 1156; x_wconf 86' lang='lat' dir='ltr'><strong>observari</strong></span> <span class='ocrx_word' id='word_1_50' title='bbox 341 1081 587 1169; x_wconf 88' lang='lat' dir='ltr'><strong>acatholicis,</strong></span> <span class='ocrx_word' id='word_1_51' title='bbox 615 1098 653 1156; x_wconf 93' lang='lat' dir='ltr'><strong>ut</strong></span> <span class='ocrx_word' id='word_1_52' title='bbox 677 1082 837 1156; x_wconf 90' lang='lat' dir='ltr'><strong>haeretici</strong></span> <span class='ocrx_word' id='word_1_53' title='bbox 863 1109 999 1185; x_wconf 89' lang='lat' dir='ltr'><strong>quoque</strong></span> <span class='ocrx_word' id='word_1_54' title='bbox 1024 1085 1167 1159; x_wconf 90' lang='lat' dir='ltr'><strong>adeam</strong></span> <span class='ocrx_word' id='word_1_55' title='bbox 1194 1086 1261 1160; x_wconf 84' lang='lat' dir='ltr'><strong>lor·</strong></span> 
     </span>
     <span class='ocr_line' id='line_1_8' title="bbox 142 1196 1261 1297; baseline 0.004 -27"><span class='ocrx_word' id='word_1_56' title='bbox 142 1223 230 1271; x_wconf 87' lang='lat' dir='ltr'><strong>mam</strong></span> <span class='ocrx_word' id='word_1_57' title='bbox 245 1196 450 1271; x_wconf 70' lang='lat' dir='ltr'><strong>sanandam</strong></span> <span class='ocrx_word' id='word_1_58' title='bbox 468 1211 654 1271; x_wconf 85' lang='lat' dir='ltr'><strong>teneantur.</strong></span> <span class='ocrx_word' id='word_1_59' title='bbox 672 1197 834 1297; x_wconf 79' lang='lat' dir='ltr'><strong>Superius</strong></span> <span class='ocrx_word' id='word_1_60' title='bbox 853 1197 1009 1272; x_wconf 81' lang='lat' dir='ltr'><strong>dedimus</strong></span> <span class='ocrx_word' id='word_1_61' title='bbox 1022 1200 1261 1275; x_wconf 84' lang='lat' dir='ltr'><strong>resolutionem</strong></span> 
     </span>
     <span class='ocr_line' id='line_1_9' title="bbox 142 1311 1264 1412; baseline 0.004 -26"><span class='ocrx_word' id='word_1_62' title='bbox 142 1337 209 1386; x_wconf 88' lang='lat' dir='ltr'><strong>sae.</strong></span> <span class='ocrx_word' id='word_1_63' title='bbox 226 1337 388 1409; x_wconf 86' lang='lat' dir='ltr'><strong>congreg.</strong></span> <span class='ocrx_word' id='word_1_64' title='bbox 405 1311 539 1386; x_wconf 90' lang='lat' dir='ltr'><strong>concilii</strong></span> <span class='ocrx_word' id='word_1_65' title='bbox 560 1337 618 1385; x_wconf 89' lang='lat' dir='ltr'><strong>an.</strong></span> <span class='ocrx_word' id='word_1_66' title='bbox 638 1313 745 1383; x_wconf 71' lang='lat'>1742.</span> <span class='ocrx_word' id='word_1_67' title='bbox 767 1311 810 1383; x_wconf 93' lang='lat' dir='ltr'><strong>de</strong></span> <span class='ocrx_word' id='word_1_68' title='bbox 832 1311 984 1387; x_wconf 80' lang='lat' dir='ltr'><strong>nullitate</strong></span> <span class='ocrx_word' id='word_1_69' title='bbox 1004 1314 1153 1412; x_wconf 90' lang='lat' dir='ltr'><strong>coniugii</strong></span> <span class='ocrx_word' id='word_1_70' title='bbox 1174 1315 1264 1391; x_wconf 84' lang='lat' dir='ltr'><strong>inter</strong></span> 
     </span>
     <span class='ocr_line' id='line_1_10' title="bbox 142 1427 1263 1530; baseline 0.005 -29"><span class='ocrx_word' id='word_1_71' title='bbox 142 1428 351 1503; x_wconf 85' lang='lat' dir='ltr'><strong>haereticum</strong></span> <span class='ocrx_word' id='word_1_72' title='bbox 373 1443 406 1501; x_wconf 90' lang='lat' dir='ltr'><strong>et</strong></span> <span class='ocrx_word' id='word_1_73' title='bbox 427 1427 628 1502; x_wconf 88' lang='lat' dir='ltr'><strong>catholicam</strong></span> <span class='ocrx_word' id='word_1_74' title='bbox 649 1428 807 1502; x_wconf 88' lang='lat' dir='ltr'><strong>celebrati</strong></span> <span class='ocrx_word' id='word_1_75' title='bbox 821 1428 967 1517; x_wconf 89' lang='lat' dir='ltr'><strong>Ulmiae,</strong></span> <span class='ocrx_word' id='word_1_76' title='bbox 988 1430 1023 1503; x_wconf 89' lang='lat' dir='ltr'><strong>in</strong></span> <span class='ocrx_word' id='word_1_77' title='bbox 1040 1457 1108 1530; x_wconf 88' lang='lat' dir='ltr'><strong>qua</strong></span> <span class='ocrx_word' id='word_1_78' title='bbox 1125 1431 1263 1507; x_wconf 83' lang='lat' dir='ltr'><strong>civitate</strong></span> 
     </span>
     <span class='ocr_line' id='line_1_11' title="bbox 142 1541 1259 1645; baseline 0.004 -29"><span class='ocrx_word' id='word_1_79' title='bbox 142 1543 280 1616; x_wconf 91' lang='lat' dir='ltr'><strong>nonnisi</strong></span> <span class='ocrx_word' id='word_1_80' title='bbox 307 1567 377 1615; x_wconf 86' lang='lat' dir='ltr'><strong>nna</strong></span> <span class='ocrx_word' id='word_1_81' title='bbox 403 1558 578 1642; x_wconf 86' lang='lat' dir='ltr'><strong>supererat</strong></span> <span class='ocrx_word' id='word_1_82' title='bbox 602 1541 760 1641; x_wconf 80' lang='lat' dir='ltr'><strong>paroecia</strong></span> <span class='ocrx_word' id='word_1_83' title='bbox 783 1542 949 1617; x_wconf 87' lang='lat' dir='ltr'><strong>catholiea</strong></span> <span class='ocrx_word' id='word_1_84' title='bbox 970 1544 1006 1615; x_wconf 93' lang='lat' dir='ltr'><strong>in</strong></span> <span class='ocrx_word' id='word_1_85' title='bbox 1031 1571 1099 1645; x_wconf 89' lang='lat' dir='ltr'><strong>qua</strong></span> <span class='ocrx_word' id='word_1_86' title='bbox 1124 1545 1259 1621; x_wconf 88' lang='lat' dir='ltr'><strong>concilii</strong></span> 
     </span>
     <span class='ocr_line' id='line_1_12' title="bbox 142 1655 1259 1756; baseline 0.006 -28"><span class='ocrx_word' id='word_1_87' title='bbox 142 1655 317 1729; x_wconf 82' lang='lat' dir='ltr'><strong>tridentini</strong></span> <span class='ocrx_word' id='word_1_88' title='bbox 332 1655 501 1730; x_wconf 88' lang='lat' dir='ltr'><strong>decretum</strong></span> <span class='ocrx_word' id='word_1_89' title='bbox 519 1656 764 1756; x_wconf 84' lang='lat' dir='ltr'><strong>promulgatum</strong></span> <span class='ocrx_word' id='word_1_90' title='bbox 778 1655 885 1730; x_wconf 84' lang='lat' dir='ltr'><strong>luerat</strong></span> <span class='ocrx_word' id='word_1_91' title='bbox 897 1672 930 1732; x_wconf 95' lang='lat' dir='ltr'><strong>et</strong></span> <span class='ocrx_word' id='word_1_92' title='bbox 943 1655 1158 1748; x_wconf 79' lang='lat' dir='ltr'><strong>seruabatur,</strong></span> <span class='ocrx_word' id='word_1_93' title='bbox 1178 1660 1259 1735; x_wconf 91' lang='lat' dir='ltr'><strong>dum</strong></span> 
     </span>
     <span class='ocr_line' id='line_1_13' title="bbox 143 1760 1262 1872; baseline 0.005 -29"><span class='ocrx_word' id='word_1_94' title='bbox 143 1761 268 1872; x_wconf 84' lang='lat' dir='ltr'><strong>templa</strong></span> <span class='ocrx_word' id='word_1_95' title='bbox 293 1760 425 1871; x_wconf 88' lang='lat' dir='ltr'><strong>reliqua</strong></span> <span class='ocrx_word' id='word_1_96' title='bbox 450 1769 620 1870; x_wconf 86' lang='lat' dir='ltr'><strong>quondam</strong></span> <span class='ocrx_word' id='word_1_97' title='bbox 647 1769 887 1844; x_wconf 88' lang='lat' dir='ltr'><strong>catholicorum</strong></span> <span class='ocrx_word' id='word_1_98' title='bbox 904 1771 948 1845; x_wconf 87' lang='lat' dir='ltr'><strong>ab</strong></span> <span class='ocrx_word' id='word_1_99' title='bbox 970 1771 1149 1847; x_wconf 81' lang='lat' dir='ltr'><strong>haereticis</strong></span> <span class='ocrx_word' id='word_1_100' title='bbox 1166 1798 1262 1849; x_wconf 87' lang='lat' dir='ltr'><strong>occu·</strong></span> 
     </span>
     <span class='ocr_line' id='line_1_14' title="bbox 144 1884 1262 1985; baseline 0.004 -26"><span class='ocrx_word' id='word_1_101' title='bbox 144 1885 329 1985; x_wconf 83' lang='lat' dir='ltr'><strong>pahantur;</strong></span> <span class='ocrx_word' id='word_1_102' title='bbox 354 1901 499 1961; x_wconf 89' lang='lat' dir='ltr'><strong>attamen</strong></span> <span class='ocrx_word' id='word_1_103' title='bbox 522 1884 615 1960; x_wconf 90' lang='lat' dir='ltr'><strong>nulla</strong></span> <span class='ocrx_word' id='word_1_104' title='bbox 632 1886 771 1960; x_wconf 90' lang='lat' dir='ltr'><strong>istorum</strong></span> <span class='ocrx_word' id='word_1_105' title='bbox 788 1887 873 1960; x_wconf 89' lang='lat' dir='ltr'><strong>ratio</strong></span> <span class='ocrx_word' id='word_1_106' title='bbox 890 1885 1007 1960; x_wconf 88' lang='lat' dir='ltr'><strong>habita</strong></span> <span class='ocrx_word' id='word_1_107' title='bbox 1026 1901 1098 1975; x_wconf 92' lang='lat' dir='ltr'><strong>est,</strong></span> <span class='ocrx_word' id='word_1_108' title='bbox 1119 1888 1262 1964; x_wconf 85' lang='lat' dir='ltr'><strong>haereti·</strong></span> 
     </span>
     <span class='ocr_line' id='line_1_15' title="bbox 143 1998 1257 2100; baseline 0.004 -27"><span class='ocrx_word' id='word_1_109' title='bbox 143 2025 270 2100; x_wconf 87' lang='lat' dir='ltr'><strong>cosque</strong></span> <span class='ocrx_word' id='word_1_110' title='bbox 282 1998 353 2074; x_wconf 90' lang='lat' dir='ltr'><strong>illic</strong></span> <span class='ocrx_word' id='word_1_111' title='bbox 365 2000 525 2099; x_wconf 84' lang='lat' dir='ltr'><strong>degentes</strong></span> <span class='ocrx_word' id='word_1_112' title='bbox 539 2000 660 2075; x_wconf 89' lang='lat' dir='ltr'><strong>subiici</strong></span> <span class='ocrx_word' id='word_1_113' title='bbox 674 2000 739 2098; x_wconf 87' lang='lat' dir='ltr'><strong>legi</strong></span> <span class='ocrx_word' id='word_1_114' title='bbox 755 2000 956 2075; x_wconf 90' lang='lat' dir='ltr'><strong>tridentinae</strong></span> <span class='ocrx_word' id='word_1_115' title='bbox 968 2000 1174 2077; x_wconf 89' lang='lat' dir='ltr'><strong>declaratum</strong></span> <span class='ocrx_word' id='word_1_116' title='bbox 1192 2018 1257 2078; x_wconf 89' lang='lat' dir='ltr'><strong>est.</strong></span> 
     </span>
     <span class='ocr_line' id='line_1_16' title="bbox 143 2111 1260 2216; baseline 0.006 -31"><span class='ocrx_word' id='word_1_117' title='bbox 143 2114 263 2214; x_wconf 87' lang='lat' dir='ltr'><strong>ltaque</strong></span> <span class='ocrx_word' id='word_1_118' title='bbox 280 2114 386 2188; x_wconf 89' lang='lat' dir='ltr'><strong>multo</strong></span> <span class='ocrx_word' id='word_1_119' title='bbox 401 2114 511 2212; x_wconf 87' lang='lat' dir='ltr'><strong>magis</strong></span> <span class='ocrx_word' id='word_1_120' title='bbox 529 2115 623 2188; x_wconf 89' lang='lat' dir='ltr'><strong>irrita</strong></span> <span class='ocrx_word' id='word_1_121' title='bbox 640 2139 681 2188; x_wconf 91' lang='lat' dir='ltr'><strong>ac</strong></span> <span class='ocrx_word' id='word_1_122' title='bbox 697 2115 791 2187; x_wconf 91' lang='lat' dir='ltr'><strong>nulla</strong></span> <span class='ocrx_word' id='word_1_123' title='bbox 807 2116 979 2189; x_wconf 89' lang='lat' dir='ltr'><strong>censenda</strong></span> <span class='ocrx_word' id='word_1_124' title='bbox 1000 2111 1260 2216; x_wconf 65' lang='lat' dir='ltr'><strong>sunt&#39;coniugia</strong></span> 
     </span>
     <span class='ocr_line' id='line_1_17' title="bbox 143 2226 1260 2332; baseline 0.007 -32"><span class='ocrx_word' id='word_1_125' title='bbox 143 2229 200 2302; x_wconf 89' lang='lat' dir='ltr'><strong>illa</strong></span> <span class='ocrx_word' id='word_1_126' title='bbox 218 2229 254 2301; x_wconf 91' lang='lat' dir='ltr'><strong>in</strong></span> <span class='ocrx_word' id='word_1_127' title='bbox 273 2227 399 2330; x_wconf 91' lang='lat' dir='ltr'><strong>templo</strong></span> <span class='ocrx_word' id='word_1_128' title='bbox 416 2229 582 2304; x_wconf 88' lang='lat' dir='ltr'><strong>celebrata</strong></span> <span class='ocrx_word' id='word_1_129' title='bbox 603 2231 639 2303; x_wconf 89' lang='lat' dir='ltr'><strong>iu</strong></span> <span class='ocrx_word' id='word_1_130' title='bbox 659 2256 727 2331; x_wconf 92' lang='lat' dir='ltr'><strong>quo</strong></span> <span class='ocrx_word' id='word_1_131' title='bbox 751 2226 916 2304; x_wconf 89' lang='lat' dir='ltr'><strong>eiusmodi</strong></span> <span class='ocrx_word' id='word_1_132' title='bbox 944 2231 1113 2306; x_wconf 89' lang='lat' dir='ltr'><strong>decretum</strong></span> <span class='ocrx_word' id='word_1_133' title='bbox 1131 2247 1165 2307; x_wconf 91' lang='lat' dir='ltr'><strong>et</strong></span> <span class='ocrx_word' id='word_1_134' title='bbox 1181 2257 1260 2332; x_wconf 93' lang='lat' dir='ltr'><strong>pro·</strong></span> 
     </span>
     <span class='ocr_line' id='line_1_18' title="bbox 143 2344 904 2443; baseline 0 -25"><span class='ocrx_word' id='word_1_135' title='bbox 143 2344 330 2443; x_wconf 83' lang='lat' dir='ltr'><strong>uulgatum</strong></span> <span class='ocrx_word' id='word_1_136' title='bbox 348 2346 561 2420; x_wconf 88' lang='lat' dir='ltr'><strong>acatholicis</strong></span> <span class='ocrx_word' id='word_1_137' title='bbox 586 2362 620 2420; x_wconf 88' lang='lat' dir='ltr'><strong>et</strong></span> <span class='ocrx_word' id='word_1_138' title='bbox 645 2361 813 2421; x_wconf 81' lang='lat' dir='ltr'><strong>servatum</strong></span> <span class='ocrx_word' id='word_1_139' title='bbox 841 2363 904 2421; x_wconf 87' lang='lat' dir='ltr'><strong>est.</strong></span> 
     </span>
    </p>

    <p class='ocr_par' dir='ltr' id='par_1_3' title="bbox 143 2459 1262 3021">
     <span class='ocr_line' id='line_1_19' title="bbox 213 2459 1260 2562; baseline 0.006 -31"><span class='ocrx_word' id='word_1_140' title='bbox 213 2459 267 2531; x_wconf 77' lang='lat' dir='ltr'><strong>hd</strong></span> <span class='ocrx_word' id='word_1_141' title='bbox 290 2476 526 2557; x_wconf 82' lang='lat' dir='ltr'><strong>argumentum</strong></span> <span class='ocrx_word' id='word_1_142' title='bbox 542 2486 622 2535; x_wconf 81' lang='lat' dir='ltr'><strong>uero</strong></span> <span class='ocrx_word' id='word_1_143' title='bbox 640 2461 779 2561; x_wconf 92' lang='lat' dir='ltr'><strong>petitum</strong></span> <span class='ocrx_word' id='word_1_144' title='bbox 794 2486 834 2534; x_wconf 82' lang='lat' dir='ltr'><strong>ax</strong></span> <span class='ocrx_word' id='word_1_145' title='bbox 847 2487 886 2534; x_wconf 90' lang='lat' dir='ltr'><strong>eo</strong></span> <span class='ocrx_word' id='word_1_146' title='bbox 904 2461 994 2561; x_wconf 93' lang='lat' dir='ltr'><strong>quod</strong></span> <span class='ocrx_word' id='word_1_147' title='bbox 1012 2463 1168 2537; x_wconf 88' lang='lat' dir='ltr'><strong>minister</strong></span> <span class='ocrx_word' id='word_1_148' title='bbox 1185 2486 1260 2562; x_wconf 84' lang='lat' dir='ltr'><strong>pro</strong></span> 
     </span>
     <span class='ocr_line' id='line_1_20' title="bbox 144 2577 1257 2677; baseline 0.004 -29"><span class='ocrx_word' id='word_1_149' title='bbox 144 2577 237 2675; x_wconf 88' lang='lat' dir='ltr'><strong>priae</strong></span> <span class='ocrx_word' id='word_1_150' title='bbox 270 2592 382 2649; x_wconf 87' lang='lat' dir='ltr'><strong>sectae</strong></span> <span class='ocrx_word' id='word_1_151' title='bbox 415 2602 517 2651; x_wconf 84' lang='lat' dir='ltr'><strong>verus</strong></span> <span class='ocrx_word' id='word_1_152' title='bbox 551 2592 686 2677; x_wconf 88' lang='lat' dir='ltr'><strong>putetur</strong></span> <span class='ocrx_word' id='word_1_153' title='bbox 709 2592 847 2677; x_wconf 90' lang='lat' dir='ltr'><strong>pastor,</strong></span> <span class='ocrx_word' id='word_1_154' title='bbox 877 2577 940 2650; x_wconf 91' lang='lat' dir='ltr'><strong>etsi</strong></span> <span class='ocrx_word' id='word_1_155' title='bbox 966 2577 1079 2677; x_wconf 91' lang='lat' dir='ltr'><strong>reipsa</strong></span> <span class='ocrx_word' id='word_1_156' title='bbox 1103 2603 1170 2652; x_wconf 89' lang='lat' dir='ltr'><strong>nou</strong></span> <span class='ocrx_word' id='word_1_157' title='bbox 1195 2578 1257 2666; x_wconf 89' lang='lat' dir='ltr'><strong>sit,</strong></span> 
     </span>
     <span class='ocr_line' id='line_1_21' title="bbox 143 2689 1262 2792; baseline 0.003 -31"><span class='ocrx_word' id='word_1_158' title='bbox 143 2689 254 2764; x_wconf 79' lang='lat' dir='ltr'><strong>facilis</strong></span> <span class='ocrx_word' id='word_1_159' title='bbox 278 2703 331 2763; x_wconf 85' lang='lat' dir='ltr'><strong>est</strong></span> <span class='ocrx_word' id='word_1_160' title='bbox 354 2691 556 2789; x_wconf 90' lang='lat' dir='ltr'><strong>responsio;</strong></span> <span class='ocrx_word' id='word_1_161' title='bbox 585 2690 744 2764; x_wconf 91' lang='lat' dir='ltr'><strong>nimirum</strong></span> <span class='ocrx_word' id='word_1_162' title='bbox 770 2691 993 2788; x_wconf 87' lang='lat' dir='ltr'><strong>ignorantiam</strong></span> <span class='ocrx_word' id='word_1_163' title='bbox 1025 2690 1161 2792; x_wconf 90' lang='lat' dir='ltr'><strong>quidem</strong></span> <span class='ocrx_word' id='word_1_164' title='bbox 1189 2692 1262 2766; x_wconf 81' lang='lat' dir='ltr'><strong>eul-</strong></span> 
     </span>
     <span class='ocr_line' id='line_1_22' title="bbox 144 2801 1256 2904; baseline 0.003 -27"><span class='ocrx_word' id='word_1_165' title='bbox 144 2805 268 2904; x_wconf 85' lang='lat' dir='ltr'><strong>lragnri</strong></span> <span class='ocrx_word' id='word_1_166' title='bbox 293 2830 371 2878; x_wconf 89' lang='lat' dir='ltr'><strong>cum</strong></span> <span class='ocrx_word' id='word_1_167' title='bbox 397 2830 438 2878; x_wconf 92' lang='lat' dir='ltr'><strong>ea</strong></span> <span class='ocrx_word' id='word_1_168' title='bbox 464 2820 516 2879; x_wconf 85' lang='lat' dir='ltr'><strong>est</strong></span> <span class='ocrx_word' id='word_1_169' title='bbox 540 2805 580 2878; x_wconf 83' lang='lat' dir='ltr'><strong>dc</strong></span> <span class='ocrx_word' id='word_1_170' title='bbox 604 2807 710 2904; x_wconf 82' lang='lat' dir='ltr'><strong>scoto,</strong></span> <span class='ocrx_word' id='word_1_171' title='bbox 736 2831 802 2879; x_wconf 94' lang='lat' dir='ltr'><strong>non</strong></span> <span class='ocrx_word' id='word_1_172' title='bbox 828 2822 939 2880; x_wconf 86' lang='lat' dir='ltr'><strong>autem</strong></span> <span class='ocrx_word' id='word_1_173' title='bbox 957 2801 1018 2879; x_wconf 89' lang='lat' dir='ltr'><strong>ubi</strong></span> <span class='ocrx_word' id='word_1_174' title='bbox 1036 2822 1088 2881; x_wconf 91' lang='lat' dir='ltr'><strong>est</strong></span> <span class='ocrx_word' id='word_1_175' title='bbox 1106 2807 1146 2880; x_wconf 81' lang='lat' dir='ltr'><strong>dc</strong></span> <span class='ocrx_word' id='word_1_176' title='bbox 1168 2809 1256 2892; x_wconf 75' lang='lat' dir='ltr'><strong>iure,</strong></span> 
     </span>
     <span class='ocr_line' id='line_1_23' title="bbox 146 2920 657 3021; baseline 0.002 -29"><span class='ocrx_word' id='word_1_177' title='bbox 146 2938 178 2995; x_wconf 88' lang='lat' dir='ltr'><strong>ut</strong></span> <span class='ocrx_word' id='word_1_178' title='bbox 202 2920 240 2994; x_wconf 91' lang='lat' dir='ltr'><strong>in</strong></span> <span class='ocrx_word' id='word_1_179' title='bbox 268 2945 351 2994; x_wconf 90' lang='lat' dir='ltr'><strong>casu</strong></span> <span class='ocrx_word' id='word_1_180' title='bbox 378 2946 446 3021; x_wconf 91' lang='lat' dir='ltr'><strong>quo</strong></span> <span class='ocrx_word' id='word_1_181' title='bbox 468 2920 510 2994; x_wconf 91' lang='lat' dir='ltr'><strong>de</strong></span> <span class='ocrx_word' id='word_1_182' title='bbox 535 2922 657 3018; x_wconf 89' lang='lat' dir='ltr'><strong>agitur.</strong></span> 
     </span>
    </p>

    <p class='ocr_par' dir='ltr' id='par_1_4' title="bbox 148 3032 1261 4059">
     <span class='ocr_line' id='line_1_24' title="bbox 216 3032 1261 3135; baseline -0.001 -27"><span class='ocrx_word' id='word_1_183' title='bbox 216 3032 310 3122; x_wconf 83' lang='lat' dir='ltr'><strong>Quid</strong></span> <span class='ocrx_word' id='word_1_184' title='bbox 332 3062 432 3135; x_wconf 92' lang='lat' dir='ltr'><strong>porro</strong></span> <span class='ocrx_word' id='word_1_185' title='bbox 449 3033 651 3123; x_wconf 90' lang='lat' dir='ltr'><strong>dicendum,</strong></span> <span class='ocrx_word' id='word_1_186' title='bbox 672 3037 701 3109; x_wconf 90' lang='lat' dir='ltr'><strong>si</strong></span> <span class='ocrx_word' id='word_1_187' title='bbox 719 3035 933 3110; x_wconf 86' lang='lat' dir='ltr'><strong>acatholicis</strong></span> <span class='ocrx_word' id='word_1_188' title='bbox 953 3053 1012 3110; x_wconf 90' lang='lat' dir='ltr'><strong>aut</strong></span> <span class='ocrx_word' id='word_1_189' title='bbox 1033 3035 1077 3109; x_wconf 87' lang='lat' dir='ltr'><strong>ab</strong></span> <span class='ocrx_word' id='word_1_190' title='bbox 1096 3035 1261 3110; x_wconf 88' lang='lat' dir='ltr'><strong>acatholi-</strong></span> 
     </span>
     <span class='ocr_line' id='line_1_25' title="bbox 148 3148 1260 3250; baseline 0 -28"><span class='ocrx_word' id='word_1_191' title='bbox 148 3151 192 3225; x_wconf 89' lang='lat' dir='ltr'><strong>cis</strong></span> <span class='ocrx_word' id='word_1_192' title='bbox 217 3149 422 3250; x_wconf 90' lang='lat' dir='ltr'><strong>praebeatur</strong></span> <span class='ocrx_word' id='word_1_193' title='bbox 446 3175 632 3224; x_wconf 90' lang='lat' dir='ltr'><strong>consensus</strong></span> <span class='ocrx_word' id='word_1_194' title='bbox 665 3176 777 3224; x_wconf 89' lang='lat' dir='ltr'><strong>eoram</strong></span> <span class='ocrx_word' id='word_1_195' title='bbox 802 3149 978 3250; x_wconf 82' lang='lat' dir='ltr'><strong>parocho,</strong></span> <span class='ocrx_word' id='word_1_196' title='bbox 1013 3148 1071 3250; x_wconf 89' lang='lat' dir='ltr'><strong>qui</strong></span> <span class='ocrx_word' id='word_1_197' title='bbox 1103 3148 1260 3248; x_wconf 89' lang='lat' dir='ltr'><strong>publicus</strong></span> 
     </span>
     <span class='ocr_line' id='line_1_26' title="bbox 148 3264 1258 3365; baseline -0.004 -25"><span class='ocrx_word' id='word_1_198' title='bbox 148 3264 336 3340; x_wconf 85' lang='lat' dir='ltr'><strong>haereticus</strong></span> <span class='ocrx_word' id='word_1_199' title='bbox 363 3265 502 3340; x_wconf 85' lang='lat' dir='ltr'><strong>allectus</strong></span> <span class='ocrx_word' id='word_1_200' title='bbox 532 3265 608 3338; x_wconf 79' lang='lat' dir='ltr'><strong>sit?</strong></span> <span class='ocrx_word' id='word_1_201' title='bbox 632 3267 667 3336; x_wconf 90' lang='lat' dir='ltr'><strong>Si</strong></span> <span class='ocrx_word' id='word_1_202' title='bbox 699 3266 733 3337; x_wconf 90' lang='lat' dir='ltr'><strong>in</strong></span> <span class='ocrx_word' id='word_1_203' title='bbox 760 3292 801 3339; x_wconf 87' lang='lat' dir='ltr'><strong>ea</strong></span> <span class='ocrx_word' id='word_1_204' title='bbox 826 3264 981 3365; x_wconf 85' lang='lat' dir='ltr'><strong>paroecia</strong></span> <span class='ocrx_word' id='word_1_205' title='bbox 1014 3264 1258 3364; x_wconf 84' lang='lat' dir='ltr'><strong>promulgatum</strong></span> 
     </span>
     <span class='ocr_line' id='line_1_27' title="bbox 148 3379 1259 3468; baseline -0.003 -12"><span class='ocrx_word' id='word_1_206' title='bbox 148 3399 192 3456; x_wconf 89' lang='lat' dir='ltr'><strong>est</strong></span> <span class='ocrx_word' id='word_1_207' title='bbox 216 3382 390 3455; x_wconf 90' lang='lat' dir='ltr'><strong>decretum</strong></span> <span class='ocrx_word' id='word_1_208' title='bbox 417 3379 658 3468; x_wconf 90' lang='lat' dir='ltr'><strong>tridentinum,</strong></span> <span class='ocrx_word' id='word_1_209' title='bbox 687 3381 771 3455; x_wconf 90' lang='lat' dir='ltr'><strong>citra</strong></span> <span class='ocrx_word' id='word_1_210' title='bbox 791 3381 930 3454; x_wconf 91' lang='lat' dir='ltr'><strong>dubium</strong></span> <span class='ocrx_word' id='word_1_211' title='bbox 956 3380 1084 3452; x_wconf 89' lang='lat' dir='ltr'><strong>irritum</strong></span> <span class='ocrx_word' id='word_1_212' title='bbox 1111 3394 1163 3452; x_wconf 86' lang='lat' dir='ltr'><strong>est</strong></span> <span class='ocrx_word' id='word_1_213' title='bbox 1187 3403 1259 3454; x_wconf 88' lang='lat' dir='ltr'><strong>ma·</strong></span> 
     </span>
     <span class='ocr_line' id='line_1_28' title="bbox 149 3494 1261 3596; baseline -0.001 -28"><span class='ocrx_word' id='word_1_214' title='bbox 149 3497 340 3571; x_wconf 79' lang='lat' dir='ltr'><strong>timonium</strong></span> <span class='ocrx_word' id='word_1_215' title='bbox 359 3522 470 3570; x_wconf 90' lang='lat' dir='ltr'><strong>coram</strong></span> <span class='ocrx_word' id='word_1_216' title='bbox 489 3497 657 3571; x_wconf 90' lang='lat' dir='ltr'><strong>eiusmodi</strong></span> <span class='ocrx_word' id='word_1_217' title='bbox 676 3497 823 3596; x_wconf 90' lang='lat' dir='ltr'><strong>parocho</strong></span> <span class='ocrx_word' id='word_1_218' title='bbox 844 3496 1066 3583; x_wconf 89' lang='lat' dir='ltr'><strong>celebratum,</strong></span> <span class='ocrx_word' id='word_1_219' title='bbox 1087 3510 1186 3595; x_wconf 87' lang='lat' dir='ltr'><strong>prout</strong></span> <span class='ocrx_word' id='word_1_220' title='bbox 1201 3494 1261 3567; x_wconf 92' lang='lat' dir='ltr'><strong>de-</strong></span> 
     </span>
     <span class='ocr_line' id='line_1_29' title="bbox 148 3607 1261 3710; baseline -0.004 -26"><span class='ocrx_word' id='word_1_221' title='bbox 148 3613 310 3686; x_wconf 86' lang='lat' dir='ltr'><strong>claratum</strong></span> <span class='ocrx_word' id='word_1_222' title='bbox 335 3629 388 3685; x_wconf 90' lang='lat' dir='ltr'><strong>est</strong></span> <span class='ocrx_word' id='word_1_223' title='bbox 405 3639 426 3685; x_wconf 90' lang='lat' dir='ltr'><strong>a</strong></span> <span class='ocrx_word' id='word_1_224' title='bbox 444 3638 513 3685; x_wconf 89' lang='lat' dir='ltr'><strong>sac.</strong></span> <span class='ocrx_word' id='word_1_225' title='bbox 530 3613 791 3710; x_wconf 77' lang='lat' dir='ltr'><strong>congregatione</strong></span> <span class='ocrx_word' id='word_1_226' title='bbox 812 3611 944 3685; x_wconf 88' lang='lat' dir='ltr'><strong>concilii</strong></span> <span class='ocrx_word' id='word_1_227' title='bbox 962 3614 1076 3708; x_wconf 74' lang='lat'>(195);</span> <span class='ocrx_word' id='word_1_228' title='bbox 1093 3607 1261 3710; x_wconf 87' lang='lat' dir='ltr'><strong>siquidem</strong></span> 
     </span>
     <span class='ocr_line' id='line_1_30' title="bbox 149 3725 1260 3826; baseline -0.002 -26"><span class='ocrx_word' id='word_1_229' title='bbox 149 3727 317 3824; x_wconf 90' lang='lat' dir='ltr'><strong>parochus</strong></span> <span class='ocrx_word' id='word_1_230' title='bbox 336 3726 494 3826; x_wconf 89' lang='lat' dir='ltr'><strong>publicus</strong></span> <span class='ocrx_word' id='word_1_231' title='bbox 517 3727 705 3811; x_wconf 83' lang='lat' dir='ltr'><strong>hacreticus</strong></span> <span class='ocrx_word' id='word_1_232' title='bbox 726 3728 852 3801; x_wconf 90' lang='lat' dir='ltr'><strong>desinit</strong></span> <span class='ocrx_word' id='word_1_233' title='bbox 870 3752 947 3799; x_wconf 91' lang='lat' dir='ltr'><strong>esse</strong></span> <span class='ocrx_word' id='word_1_234' title='bbox 966 3725 1156 3826; x_wconf 89' lang='lat' dir='ltr'><strong>parochus,</strong></span> <span class='ocrx_word' id='word_1_235' title='bbox 1184 3750 1260 3798; x_wconf 91' lang='lat' dir='ltr'><strong>cum</strong></span> 
     </span>
     <span class='ocr_line' id='line_1_31' title="bbox 149 3840 1257 3942; baseline -0.004 -28"><span class='ocrx_word' id='word_1_236' title='bbox 149 3845 188 3916; x_wconf 84' lang='lat' dir='ltr'><strong>eit</strong></span> <span class='ocrx_word' id='word_1_237' title='bbox 218 3844 297 3942; x_wconf 86' lang='lat' dir='ltr'><strong>ipso</strong></span> <span class='ocrx_word' id='word_1_238' title='bbox 326 3843 398 3915; x_wconf 93' lang='lat' dir='ltr'><strong>iure</strong></span> <span class='ocrx_word' id='word_1_239' title='bbox 430 3845 580 3942; x_wconf 82' lang='lat' dir='ltr'><strong>privatus</strong></span> <span class='ocrx_word' id='word_1_240' title='bbox 615 3843 778 3916; x_wconf 86' lang='lat' dir='ltr'><strong>beneficio</strong></span> <span class='ocrx_word' id='word_1_241' title='bbox 812 3841 1015 3941; x_wconf 85' lang='lat' dir='ltr'><strong>parochiali,</strong></span> <span class='ocrx_word' id='word_1_242' title='bbox 1050 3866 1089 3912; x_wconf 85' lang='lat' dir='ltr'><strong>ex</strong></span> <span class='ocrx_word' id='word_1_243' title='bbox 1124 3840 1257 3913; x_wconf 90' lang='lat' dir='ltr'><strong>constit.</strong></span> 
     </span>
     <span class='ocr_line' id='line_1_32' title="bbox 148 3954 1261 4059; baseline -0.005 -27"><span class='ocrx_word' id='word_1_244' title='bbox 148 3956 285 4032; x_wconf 77' lang='lat' dir='ltr'><strong>Noverit</strong></span> <span class='ocrx_word' id='word_1_245' title='bbox 295 3957 423 4032; x_wconf 87' lang='lat' dir='ltr'><strong>Nicolai</strong></span> <span class='ocrx_word' id='word_1_246' title='bbox 442 3958 500 4029; x_wconf 89' lang='lat' dir='ltr'><strong>lll.</strong></span> <span class='ocrx_word' id='word_1_247' title='bbox 520 3962 634 4053; x_wconf 83' lang='lat' dir='ltr'><strong>(too),</strong></span> <span class='ocrx_word' id='word_1_248' title='bbox 652 3985 692 4031; x_wconf 89' lang='lat' dir='ltr'><strong>eo</strong></span> <span class='ocrx_word' id='word_1_249' title='bbox 709 3975 883 4059; x_wconf 86' lang='lat' dir='ltr'><strong>propterea</strong></span> <span class='ocrx_word' id='word_1_250' title='bbox 902 3983 968 4030; x_wconf 93' lang='lat' dir='ltr'><strong>non</strong></span> <span class='ocrx_word' id='word_1_251' title='bbox 988 3972 1138 4030; x_wconf 88' lang='lat' dir='ltr'><strong>servatur</strong></span> <span class='ocrx_word' id='word_1_252' title='bbox 1156 3954 1261 4029; x_wconf 89' lang='lat' dir='ltr'><strong>lorma</strong></span> 
     </span>
    </p>
   </div>
   <div class='ocr_carea' id='block_1_3' title="bbox 151 4197 1262 4426">
    <p class='ocr_par' dir='ltr' id='par_1_5' title="bbox 151 4197 1262 4426">
     <span class='ocr_line' id='line_1_33' title="bbox 216 4197 1262 4280; baseline -0.007 -27"><span class='ocrx_word' id='word_1_253' title='bbox 216 4202 286 4263; x_wconf 75' lang='lat'>(195)</span> <span class='ocrx_word' id='word_1_254' title='bbox 302 4201 375 4264; x_wconf 75' lang='lat' dir='ltr'><strong>Apud</strong></span> <span class='ocrx_word' id='word_1_255' title='bbox 387 4203 496 4265; x_wconf 72' lang='lat' dir='ltr'><strong>Pugnan.</strong></span> <span class='ocrx_word' id='word_1_256' title='bbox 510 4201 554 4252; x_wconf 79' lang='lat' dir='ltr'><strong>lib.</strong></span> <span class='ocrx_word' id='word_1_257' title='bbox 564 4203 594 4250; x_wconf 82' lang='lat' dir='ltr'><strong>v.</strong></span> <span class='ocrx_word' id='word_1_258' title='bbox 607 4199 736 4252; x_wconf 79' lang='lat' dir='ltr'><strong>Decretct.</strong></span> <span class='ocrx_word' id='word_1_259' title='bbox 748 4201 780 4250; x_wconf 86' lang='lat' dir='ltr'><strong>ad</strong></span> <span class='ocrx_word' id='word_1_260' title='bbox 792 4212 846 4262; x_wconf 83' lang='lat' dir='ltr'><strong>cap.</strong></span> <span class='ocrx_word' id='word_1_261' title='bbox 860 4200 900 4251; x_wconf 79' lang='lat' dir='ltr'><strong>Ad</strong></span> <span class='ocrx_word' id='word_1_262' title='bbox 916 4197 1074 4280; x_wconf 67' lang='lat' dir='ltr'><strong>coeundum</strong></span> <span class='ocrx_word' id='word_1_263' title='bbox 1089 4198 1123 4251; x_wconf 84' lang='lat' dir='ltr'><strong>dc</strong></span> <span class='ocrx_word' id='word_1_264' title='bbox 1138 4199 1262 4251; x_wconf 77' lang='lat' dir='ltr'><strong>haercttc.</strong></span> 
     </span>
     <span class='ocr_line' id='line_1_34' title="bbox 151 4284 1210 4426; baseline -0.007 -13"><span class='ocrx_word' id='word_1_265' title='bbox 151 4293 171 4333; x_wconf 35' lang='lat' dir='ltr'><strong>n·</strong></span> <span class='ocrx_word' id='word_1_266' title='bbox 185 4284 375 4426; x_wconf 44' lang='lat' dir='ltr'><strong>³7ltghlih&#39;ull.</strong></span> <span class='ocrx_word' id='word_1_267' title='bbox 389 4362 428 4411; x_wconf 88' lang='lat' dir='ltr'><strong>ed.</strong></span> <span class='ocrx_word' id='word_1_268' title='bbox 442 4364 514 4413; x_wconf 81' lang='lat' dir='ltr'><strong>Rom.</strong></span> <span class='ocrx_word' id='word_1_269' title='bbox 530 4363 598 4412; x_wconf 76' lang='grc'>1741.</span> <span class='ocrx_word' id='word_1_270' title='bbox 612 4365 670 4420; x_wconf 84' lang='lat' dir='ltr'><strong>tom.</strong></span> <span class='ocrx_word' id='word_1_271' title='bbox 685 4364 740 4411; x_wconf 83' lang='lat' dir='ltr'><strong>tert.</strong></span> <span class='ocrx_word' id='word_1_272' title='bbox 754 4363 816 4423; x_wconf 80' lang='lat' dir='ltr'><strong>part.</strong></span> <span class='ocrx_word' id='word_1_273' title='bbox 829 4363 858 4410; x_wconf 80' lang='grc' dir='ltr'><strong>ΙΙ.</strong></span> <span class='ocrx_word' id='word_1_274' title='bbox 871 4375 925 4425; x_wconf 78' lang='lat' dir='ltr'><strong>pag.</strong></span> <span class='ocrx_word' id='word_1_275' title='bbox 937 4368 974 4413; x_wconf 74' lang='lat' dir='ltr'><strong>no.</strong></span> <span class='ocrx_word' id='word_1_276' title='bbox 986 4361 1033 4411; x_wconf 85' lang='lat' dir='ltr'><strong>col.</strong></span> <span class='ocrx_word' id='word_1_277' title='bbox 1049 4367 1072 4410; x_wconf 83' lang='lat'><strong>2.</strong></span> <span class='ocrx_word' id='word_1_278' title='bbox 1083 4359 1106 4422; x_wconf 91' lang='lat'><strong>§.</strong></span> <span class='ocrx_word' id='word_1_279' title='bbox 1122 4333 1158 4408; x_wconf 75' lang='lat' dir='ltr'><strong>ta.</strong></span> <span class='ocrx_word' id='word_1_280' title='bbox 1182 4347 1184 4356; x_wconf 73' lang='grc'>’</span> <span class='ocrx_word' id='word_1_281' title='bbox 1207 4342 1210 4349; x_wconf 65' lang='grc'><strong>’</strong></span> 
     </span>
    </p>
   </div>
   <div class='ocr_carea' id='block_1_4' title="bbox 0 0 1410 5062">
    <p class='ocr_par' dir='ltr' id='par_1_6' title="bbox 0 0 1410 5062">
     <span class='ocr_line' id='line_1_35' title="bbox 0 0 1410 5062; baseline 0 0"><span class='ocrx_word' id='word_1_282' title='bbox 0 0 1410 5062; x_wconf 95' lang='lat' dir='ltr'><strong> </strong></span> 
     </span>
    </p>
   </div>
  </div>
 </body>
</html>
