2804 5062
145 398 210 449 ctr.
224 400 259 448 ΙΙ.
273 399 315 448 Μ
328 398 416 450 80121..
428 400 534 451 Pom·
548 403 733 453 contemtile.
748 405 840 454 tlara.
854 407 916 456 ata.
930 407 999 457 aar.
1013 408 1057 458 tv.
1111 384 1155 458 73

48 534 123 589 non
148 543 271 615 posse,
299 518 388 618 quod
414 517 589 592 ecelesiam
616 548 717 619 posse
740 523 883 623 Spiritus
900 525 1038 598 Sanetus
1063 552 1158 600 oecu-

47 635 205 707 menime
229 634 354 734 synodi
380 636 515 710 oraculo
535 637 716 712 declaravit
731 643 844 735 (96).»

130 750 298 822 Hactenus
324 749 460 849 quidem
486 752 564 824 Pius
589 753 641 824 vl.
664 754 698 824 in
725 753 843 828 litteris
868 756 1152 829 datisan.1782.

50 864 120 938 bae
149 892 255 964 super
285 891 349 951 re,
387 867 446 965 qui
480 867 602 940 deinde
633 869 666 940 in
696 868 938 943 Constitutione
971 870 1159 969 dogmatice
1187 917 1189 923 .

51 984 223 1054 Auctorem
243 981 326 1081 fidei
345 981 433 1054 edita
455 1009 510 1054 an.
530 986 636 1055 1794.
662 985 823 1058 adversus
849 986 1158 1085 pseudo-synodum

50 1098 311 1196 pistoriensem,
337 1124 423 1197 quae
445 1099 584 1171 eandem
602 1100 645 1172 de
662 1100 843 1173 adventitia
865 1101 1025 1174 eeclesiae
1049 1119 1159 1176 aucto

55 1214 153 1284 ritate
178 1211 363 1284 doctrinam
388 1213 560 1311 adoptavit
580 1215 796 1314 insequentes
818 1216 1062 1314 propositiones
1079 1243 1159 1291 eon-

59 1328 147 1399 lixit:
174 1328 240 1398 tx.
276 1328 471 1402 «Doctrina
496 1329 617 1428 synodi
644 1356 819 1418 asserens,
848 1330 892 1402 od
916 1358 1098 1429 supremam
1117 1335 1160 1404 ci-

60 1444 148 1515 uilem
175 1458 372 1542 potestatem
404 1443 579 1516 demtonot
603 1448 778 1543 oripinert'e
807 1461 949 1544 spretore
982 1450 1161 1519 contractui

63 1560 259 1631 matrimonii
283 1584 441 1655 opponere
465 1558 692 1656 impedimento
709 1563 777 1632 eius
793 1563 935 1659 penaria,
957 1587 1038 1658 quoe
1054 1564 1160 1658 ipsam

64 1674 178 1744 nullom
206 1671 367 1754 reddent,
397 1672 611 1772 dicunturque
635 1675 844 1762 dirimentia;
873 1674 958 1773 qood
982 1678 1034 1746 ius
1059 1678 1161 1773 eripi·

64 1791 212 1871 noriam
248 1803 422 1886 praeterea
453 1787 573 1862 dieitur
607 1817 679 1861 enm
712 1792 781 1861 iere
815 1787 1027 1885 dispensandi
1054 1814 1160 1859 essen-

65 1903 174 1975 tialiter
202 1928 414 1985 connexum,
450 1902 683 2000 subiungens,
720 1903 883 1999 supposito
921 1927 1072 1984 assensu,
1109 1900 1161 1972 vel

66 2021 259 2089 conniventia
272 2019 462 2114 principem
469 2021 612 2115 potuisse
626 2020 791 2090 eeclesiam
804 2020 885 2089 iuste
899 2019 1086 2089 constituere
1104 2017 1161 2087 im-

63 2133 235 2228 pedr'nrento
252 2125 443 2206 dirimentis
469 2136 576 2231 ipsmn
602 2149 800 2206 contractum
818 2134 1027 2205 matrimonii.
1054 2132 1160 2218 Quasi

64 2248 193 2322 eeclesia
218 2274 289 2322 non
314 2273 447 2347 semper
471 2251 632 2347 potuerit,
661 2276 701 2322 ae
727 2250 833 2349 possit
850 2250 886 2319 in
902 2249 1161 2322 christianorum

64 2364 280 2438 matrimoniis
304 2365 375 2437 inre
400 2368 534 2463 proprio
559 2365 795 2465 impedimenta
820 2365 1046 2452 constituere,
1075 2390 1162 2463 quae

64 2479 306 2554 matrimonium
331 2506 396 2555 non
427 2479 536 2554 solum
563 2481 764 2580 impediant,
794 2482 853 2554 sed
880 2497 912 2553 et
936 2480 1064 2552 nullum
1091 2479 1162 2552 red-

65 2594 133 2668 dant
153 2595 270 2695 quoad
287 2594 478 2682 vinculum,
498 2595 622 2694 quibus
647 2596 824 2669 christiani
849 2596 999 2669 obstricti
1021 2612 1162 2668 tenean-

64 2728 120 2797 tur,
141 2712 246 2784 etiam
271 2709 306 2780 in
333 2710 429 2783 terris
455 2704 663 2797 infidelium,
683 2711 720 2781 in
736 2710 931 2810 eisdemque
947 2710 1156 2809 dispensare.

66 2827 226 2898 Cononem
240 2828 276 2896 3.
296 2826 332 2896 4.
348 2829 381 2896 9.
400 2827 457 2896 12.
475 2851 560 2899 sess.
579 2826 637 2897 24.
656 2827 797 2898 Consilii
813 2826 983 2898 tridentini
1001 2828 1158 2909 euersiuo,

65 2941 257 3015 haeretios.»
275 2942 374 3040 Prop.
391 2941 472 3013 Lxl.
492 2942 601 3013 sltem
619 2942 746 3037 rogatio
767 2942 888 3041 synodi
905 2939 949 3013 sd
966 2957 1162 3040 potestatem

64 3056 208 3144 civilem,
239 3070 277 3129 ut
302 3083 317 3127 e
342 3082 472 3127 numero
500 3055 798 3153 impedimentorum
825 3057 917 3127 tollet
945 3058 1164 3152 copnotienem

65 3170 330 3266 spiritualem...
349 3185 439 3242 .tum
465 3184 501 3242 ut
523 3172 699 3267 restrinpot
724 3167 984 3267 impedimentum
1016 3168 1164 3265 affinita-

67 3287 97 3356 tis
120 3302 181 3359 ete.
195 3328 214 3342 -
227 3285 402 3370 Quatenus
433 3284 523 3358 civili
549 3285 704 3384 potestati
729 3285 784 3357 ius
813 3283 964 3356 attribuit
988 3282 1059 3354 sive
1088 3279 1164 3354 abo

67 3397 166 3487 lendi,
191 3400 266 3473 sive
287 3399 508 3495 restringendi
531 3399 768 3498 impedimenta
793 3395 954 3470 ecelesiae
974 3393 1165 3468 auctoritate

67 3517 238 3590 eonstituta
262 3513 316 3587 vel
341 3513 575 3613 comprobata:
609 3515 687 3586 item
713 3540 780 3613 qua
812 3527 903 3612 parte
927 3511 1087 3610 supponit
1110 3536 1165 3583 ee-

67 3628 192 3702 clesiam
224 3654 288 3728 per
315 3642 514 3729 potestatem
545 3628 675 3701 civilem
707 3625 845 3727 spoliari
878 3650 978 3723 posse
1006 3627 1075 3696 iure
1108 3651 1165 3697 sne

68 3742 281 3843 dispensandi
311 3769 414 3840 super
443 3741 693 3841 impedimentis
722 3742 765 3814 ab
793 3741 868 3840 ipsa
898 3740 1088 3814 constitutis
1112 3739 1165 3812 vel

68 3858 287 3959 comprobatis
297 3855 475 3929 -libertati
488 3883 528 3929 ae
540 3856 695 3956 potestati
709 3855 869 3928 eeclesiae
882 3852 1089 3940 subversiva,
1108 3854 1167 3924 tri·

68 3970 188 4047 dentino
213 3974 398 4058 contrarie,
422 3999 464 4046 ee
490 3973 678 4047 beeretmoli
700 3997 801 4069 snpra
829 3969 981 4042 damnato
1003 3969 1166 4065 principio

66 4089 240 4185 paren.»

129 4274 180 4338 (aa)
195 4277 274 4326 mere
288 4273 328 4324 Pit
341 4274 384 4324 vt.
400 4272 469 4336 qood
486 4273 588 4339 loeiptt:
606 4271 788 4337 Pos'tsortem
805 4271 861 4324 rtet.
871 4270 908 4324 Ad
923 4271 1028 4336 archiep.
1039 4264 1167 4323 electorem

68 4351 187 4406 natm.
200 4354 242 4406 dle
251 4363 276 4407 2.
284 4352 345 4405 reb.
357 4356 425 4405 175².
