2804 5062
149 368 218 441 att
389 387 450 440 un.
472 388 506 438 rr.
528 386 615 438 sacr.
636 388 660 436 r.
680 386 721 437 nr
739 386 864 438 roansr.
887 384 1014 438 necans.

147 526 219 584 stro
235 505 420 582 acatholico
438 508 522 582 inita
538 509 717 608 generatim
742 505 835 580 nulla
859 531 958 594 esse,
987 520 1092 607 atque
1109 504 1195 581 adeo
1210 532 1255 582 ra

147 622 236 697 lidas
261 622 331 697 lore
355 622 522 697 secundas
547 648 663 697 eorum
697 620 856 721 nuptias,
886 621 915 695 si
941 620 1044 696 modo
1069 646 1187 697 coram
1209 648 1255 698 ca

148 735 273 812 tholico
305 736 453 836 parocho
487 736 748 825 contrabantur,
776 762 834 810 occ
858 735 1002 836 oodt'qne
1029 762 1114 810 ocra
1139 752 1189 811 est
1210 765 1256 812 occ

146 853 229 926 actis
248 865 335 936 tuto,
357 876 467 950 nequa
484 850 609 926 idcirco
624 851 658 922 in
672 850 768 950 praxi
780 850 1056 951 quibuscumque
1073 851 1112 925 in
1128 851 1257 926 casibus

147 964 442 1040 indiscriminatim
461 965 645 1065 sequenda.
663 965 770 1040 Probe
782 965 874 1040 enim
886 966 1200 1042 noritFratemitas
1211 986 1258 1043 tm

147 1078 250 1155 buius
275 1079 408 1178 generis
433 1079 645 1177 matrimonia
667 1095 792 1155 ratast
816 1080 913 1154 firma
938 1080 1152 1170 consistere,
1172 1081 1216 1155 iis
1231 1081 1257 1154 ir

145 1193 250 1284 locis,
273 1194 453 1296 inquibus
474 1194 609 1269 concilii
629 1194 800 1270 tridentini
826 1196 997 1270 decretum
1015 1197 1072 1269 vel
1087 1222 1257 1297 numquam

141 1310 349 1412 publicatum
371 1312 439 1411 [ait
466 1313 557 1409 (it),
575 1309 629 1385 rel
648 1337 831 1412 numquam
855 1310 1072 1386 observatum
1091 1328 1255 1412 mmquan

146 1427 300 1505 eusdem
333 1426 469 1503 concilii
504 1427 697 1515 decretum,
724 1425 801 1516 vel,
829 1426 1023 1528 siquando
1048 1426 1255 1503 observatum

142 1542 241 1632 luit,
276 1543 377 1642 longo
413 1542 493 1617 dein
528 1543 689 1644 temporis
723 1540 900 1618 inorrallo
933 1542 970 1615 in
1001 1543 1253 1618 desuetudinem

148 1658 246 1735 abiit.
278 1658 368 1732 llinc
400 1657 525 1734 lactum
550 1674 623 1749 est,
644 1675 681 1735 ut
698 1658 847 1760 praelata
870 1657 1007 1758 opinio,
1036 1684 1131 1759 quae
1156 1659 1253 1735 matri

147 1775 264 1851 monia
297 1776 384 1851 inter
416 1774 603 1850 haereticos
643 1790 814 1850 contracta
851 1800 962 1849 coram
993 1774 1158 1852 ministro
1190 1800 1253 1850 ace

145 1890 271 1967 tbolicc
303 1892 484 1990 qenerotim
512 1889 607 1965 nulla
630 1906 664 1964 et
687 1890 783 1964 irrita
805 1916 883 1964 esse
907 1908 1119 1991 propugnat,
1148 1890 1251 1967 adven

144 2006 254 2081 serios
288 2031 421 2107 semper
452 2004 609 2080 babuerit
641 2021 675 2079 et
704 2031 843 2080 nurnero
868 2005 982 2105 plures
1007 2024 1041 2081 et
1066 2007 1251 2082 auctoritate

145 2121 477 2221 praestantissimos,
506 2120 591 2195 adeo
607 2120 716 2196 utrix
733 2120 882 2221 aliquem
904 2121 1082 2196 retinuerit
1106 2121 1250 2223 probabi-

144 2234 252 2312 litatis
286 2235 451 2336 gradum,
482 2236 628 2310 maxime
657 2251 735 2337 post
763 2237 888 2310 editam
918 2263 940 2311 a
965 2237 1153 2314 benedicto
1178 2236 1247 2311 xii.

145 2376 201 2427 an.
218 2354 327 2426 titt.
340 2377 402 2452 pro
418 2350 642 2426 matrimoniis
655 2351 857 2426 llollandiae
874 2350 1132 2427 celeberrimam
1148 2351 1251 2427 neele

146 2469 321 2544 rationem.
351 2469 440 2542 Cave
463 2467 586 2567 igitur,
612 2493 690 2543 ren.
720 2467 761 2541 lr.
790 2484 917 2570 tuoque
941 2467 1100 2568 exemplo
1129 2469 1250 2570 tuisque

145 2584 282 2658 monitis
299 2582 403 2657 edoce
420 2585 596 2685 episcopos
614 2584 847 2682 suffraganeos
867 2600 966 2672 tuos,
986 2610 1030 2658 ne
1047 2584 1084 2656 in
1104 2584 1249 2685 praelatis

144 2698 450 2778 matrimonialibus
469 2700 608 2775 casibus
630 2700 860 2801 expendendis
882 2716 916 2774 et
936 2698 1170 2775 diiudicandis
1187 2725 1250 2801 pra·

143 2814 197 2890 vis
225 2812 320 2888 hisce
345 2814 527 2905 doctrinis,
553 2814 799 2916 fallacibusque
819 2815 1005 2889 rationibus
1027 2815 1246 2917 decipiantur,

144 2928 203 3003 sed
240 2928 375 3003 concilii
409 2928 582 3004 tridentini
613 2956 758 3005 canones
788 2947 822 3004 et
845 2930 1017 3003 decretum
1050 2929 1248 3007 adamussim

145 3044 323 3120 observent
348 3061 382 3118 et
406 3061 592 3145 sequantur
608 3047 722 3141 (12).»

217 3160 387 3235 Hactenus
410 3161 548 3261 quidem
571 3161 651 3235 Pius
677 3161 747 3233 vii.
776 3161 835 3234 ubi
857 3159 1194 3235 animadvertendum
1210 3173 1249 3234 est

144 3277 277 3352 illorum
296 3276 527 3375 theologorum
549 3276 742 3378 opinionem
759 3276 803 3350 ab
821 3276 897 3376 ipso
915 3274 1110 3375 reprobari,
1131 3277 1191 3377 qui
1206 3300 1249 3376 qe·

143 3395 282 3466 ncrotim
307 3409 478 3493 tamquam
499 3392 593 3464 nulla
617 3417 658 3465 ac
682 3392 776 3465 irrita
802 3390 1021 3465 autumabant
1042 3417 1122 3466 esse
1145 3393 1248 3466 haere·

143 3508 283 3583 tieorum
308 3508 396 3582 inter
421 3533 458 3582 se
482 3506 650 3581 celebrata
674 3506 864 3593 connubia,
893 3505 1047 3605 adeoque
1074 3505 1134 3580 ubi
1161 3505 1248 3579 etiam

143 3650 209 3699 non
236 3624 343 3698 luerat
367 3622 575 3723 publicatum
601 3621 779 3697 concilium
804 3619 1051 3709 tridentinum,
1082 3637 1141 3696 aut
1168 3646 1247 3694 nom

205 3865 268 3926 .(71)
286 3867 352 3916 ilaec
361 3865 436 3918 rerba
445 3864 535 3916 desunt
545 3865 570 3916 in
579 3865 626 3915 hoc
637 3865 709 3916 Brevi
721 3864 820 3927 vulgato
831 3876 846 3913 a
857 3861 1003 3927 Rosioriny
1016 3862 1064 3913 loc.
1077 3875 1138 3914 mon
1148 3861 1250 3920 clmndm

143 3947 171 3994 at
183 3943 343 3996 inueniuntur
360 3946 386 3996 in
399 3947 540 3997 authentico
555 3959 614 3996 mss.
631 3944 699 4008 quod
712 3948 803 3996 Romae
815 3946 971 4005 asservatur,
987 3941 1107 4006 quodque
1116 3956 1176 4008 prae
1184 3939 1253 3993 ecrit

144 4022 234 4086 imbui,
250 4023 276 4073 in
290 4038 320 4075 eo
336 4026 396 4077 lmec
409 4026 508 4090 postilla
520 4026 630 4090 apposita
641 4029 686 4075 est.
700 4027 796 4076 «Breve
808 4024 935 4073 riiorrnato
945 4022 1004 4074 dell'
1011 4026 1071 4073 Eme
1081 4022 1206 4075 antonelli
1214 4021 1254 4071 col·

144 4101 318 4167 l'lntelliqonna
331 4103 449 4155 deiI'Emo
461 4105 492 4155 Di
500 4105 582 4155 Pietro
594 4117 609 4154 e
620 4103 717 4167 apodito
731 4103 748 4153 ii
762 4110 785 4153 9.
798 4104 849 4152 ott.
863 4109 930 4152 ison.
940 4100 1077 4165 ali'cleitor
1086 4101 1113 4151 di
1121 4104 1254 4165 lingonas.-

214 4183 264 4244 (72)
280 4183 351 4247 Aprrd
362 4185 506 4248 iioslordny
518 4182 828 4235 Monumentocrridoltca
838 4187 898 4232 tom.
908 4183 939 4231 ΙΙ.
953 4195 1008 4245 pag.
1020 4189 1059 4232 en.
1069 4185 1100 4233 94
1111 4184 1254 4245 squuam·

141 4262 180 4313 vis
190 4261 214 4312 io
224 4263 269 4313 bac
279 4262 446 4328 publicatione
456 4262 609 4328 reperiantur
616 4263 747 4314 nonnullae
758 4263 879 4312 uariantes
889 4261 920 4311 ab
931 4261 1074 4314 nuiircntico
1085 4276 1166 4329 nuper
1177 4262 1257 4322 duic,

140 4343 223 4393 umen
234 4354 293 4407 prae
303 4341 418 4394 omnibus
431 4356 495 4408 quse
510 4343 631 4407 impresse
643 4344 714 4405 sunt,
732 4345 768 4393 cst
783 4341 861 4407 magis
876 4342 999 4391 accurrate.
