2804 5062
231 360 302 435 ets
718 382 856 432 ronna.

228 502 309 581 Aer.
322 484 391 577 ill.
407 502 579 579 Sententia
600 527 688 605 quae
713 518 804 578 tenet
826 503 920 577 irrita
940 528 1016 577 esse
1041 502 1255 611 elandestina

453 617 668 693 matrimonia
692 616 937 695 haeretieorum
959 645 1001 693 ae
1018 619 1143 707 mixta,
1170 617 1254 691 ulte

423 800 426 805 .
455 733 527 808 rius
554 732 762 823 illustratur,
786 734 886 809 certis
909 734 1075 809 limitibus
1095 734 1257 807 definitur

454 875 496 923 ae
520 849 711 924 vindicatur
723 909 1227 924 ...............................
1236 879 1253 917 n
1282 851 1342 920 iit

232 968 310 1045 Aer.
333 966 385 1037 lv.
408 962 570 1052 Quaestio
587 964 764 1069 exponitur
787 966 950 1042 historica
967 966 1105 1041 ubinam
1126 966 1255 1039 triden-

456 1082 565 1156 tin'nm
599 1082 769 1158 decretum
795 1083 839 1157 de
867 1083 1090 1158 matrimoniis
1121 1082 1258 1157 elande

459 1196 558 1273 stinis
577 1196 785 1301 publicatum
804 1198 918 1286 inerit,
936 1198 975 1273 ae
986 1198 1125 1273 ubinam
1140 1214 1257 1270 aneto-

457 1312 555 1389 ritate
585 1313 768 1416 apostolica
794 1313 903 1389 eidem
933 1312 1129 1412 derogatum
1136 1372 1228 1385 ......
1235 1345 1254 1382 a
1285 1315 1343 1383 att

233 1432 313 1508 Aer.
332 1430 372 1503 V.
401 1428 625 1518 Quaestiones
657 1429 840 1505 nonnullae
869 1430 1059 1506 enodantur
1085 1429 1189 1503 relate
1213 1428 1258 1503 ad

411 1600 415 1607 .
452 1545 731 1644 impedimentum
743 1545 1026 1621 clandestinitatis
1039 1546 1074 1618 in
1086 1546 1260 1619 matrimo

459 1661 526 1735 niis
548 1662 621 1739 sire
637 1661 899 1750 catholicorum,
930 1663 1002 1737 sive
1028 1662 1165 1748 mixtis,
1188 1660 1260 1735 sive

456 1774 702 1853 haeretieorum
709 1837 929 1852 ..............
935 1848 938 1855 ,
939 1835 1228 1851 ..................
1236 1808 1254 1846 n
1285 1776 1344 1846 tii

188 1939 193 1947 ⁹
304 1957 397 2032 cte.
417 1957 490 2032 tu.
504 2000 553 2017 ·-
566 1983 608 2035 nn
625 1982 792 2035 neesasnn
809 1983 983 2035 emesam
1001 1983 1036 2035 m
1052 1981 1279 2035 memnonem

429 2079 614 2133 mereamus
640 2081 706 2135 eun
727 2080 890 2135 ronanus
906 2083 968 2132 ran
984 2082 1079 2133 rnren
1097 2081 1155 2129 sa.-

137 2314 148 2328 ,
236 2240 313 2317 Aer.
337 2238 364 2313 Ι.
410 2240 571 2329 Quaestio
597 2244 822 2344 praemittitur
851 2243 1041 2343 theologica
1066 2243 1109 2317 de
1140 2260 1264 2315 natura

457 2358 665 2433 ¹matrimonii
687 2376 816 2435 anteat
833 2375 909 2461 post
931 2350 1123 2433 infidelium
1144 2358 1265 2432 eoniu-

461 2486 540 2570 gu'm
566 2475 737 2576 baptisma
743 2534 832 2549 ......
833 2488 836 2495 ’
843 2532 1233 2549 ........................
1242 2504 1259 2542 »
1289 2473 1350 2542 293

239 2588 316 2664 Atta.
340 2587 382 2660 il.
413 2587 575 2675 Quaestio
596 2591 799 2690 expenditur
816 2590 960 2664 iuridioa
973 2590 1016 2663 de
1030 2605 1195 2689 potestate
1212 2616 1264 2661 ee-

461 2704 654 2781 clesiastiea
674 2709 708 2780 in
729 2708 947 2782 matrimonia
971 2706 1160 2780 infidelium
1185 2722 1265 2803 post

462 2821 564 2895 unius
588 2821 642 2894 vel
673 2824 850 2925 utriusque
883 2823 1037 2921 coniugis
1071 2822 1264 2895 conversio

463 2959 559 3023 nem,
577 2961 638 3008 nee
651 2963 718 3010 non
733 2939 766 3009 in
781 2938 995 3011 matrimonia
1014 2936 1165 3010 fidelium
1184 2963 1263 3009 eum

462 3050 657 3126 infidelibus
664 3111 852 3126 ............
862 3066 868 3124 ’.
880 3111 1234 3126 ......................
1243 3081 1261 3120 »
1291 3052 1349 3121 311

526 3291 528 3295 1
585 3236 768 3304 81⁴}chss
795 3236 1004 3306 AIIOERA

429 3398 508 3488 oa
537 3400 912 3490 eureseim
946 3380 1153 3490 ervrn'r

540 3568 572 3618 ln
587 3569 815 3619 Mtrssmomunt
831 3571 1048 3620 cumsrlaneoi

265 3725 358 3799 cte.
381 3725 649 3801 1.-eeuemnrs
663 3752 735 3802 roei
750 3752 863 3802 ervrnrs
877 3752 1059 3803 rornsrirrs
1073 3751 1106 3802 m
1123 3752 1344 3804 aararnosroe

686 3850 909 3901 euarsrrsaun.

241 3962 319 4038 Aer.
343 3964 369 4037 1.
400 3969 477 4041 lura
499 3965 707 4040 definiuntur
724 3967 834 4042 civilis
853 3969 1028 4068 potestatis
1046 3967 1160 4068 quoad
1179 3968 1265 4039 ciui·

464 4080 514 4155 les
540 4082 679 4157 effeetus
702 4083 905 4156 matrimonii
927 4081 1104 4156 christiani
1112 4139 1235 4153 ........
1244 4111 1261 4148 n
1292 4082 1355 4150 345

242 4195 320 4269 ΑΜ.
343 4196 386 4265 11.
409 4195 530 4271 Officia
557 4198 751 4273 indicantur
771 4199 880 4273 civilis
899 4199 1070 4273 societatis
1094 4197 1199 4271 relate
1220 4196 1263 4270 ad

466 4313 628 4389 ecelesiae
645 4315 737 4413 leges
751 4315 794 4389 de
807 4314 1020 4391 matrimonio
1033 4313 1259 4389 christiano.»
1289 4311 1350 4384 351
