2804 5062
143 366 212 438 tsi
373 386 435 438 nm.
457 383 494 436 ιι.
516 383 603 437 srcr.
625 383 648 435 ι.
667 383 710 436 ιιι
735 382 860 434 ιοιιιι.
883 381 1010 434 accim.

141 500 252 592 modi,
281 500 711 588 macomadiensem
745 525 806 582 ceu
831 498 943 575 valide
972 513 1147 574 contracta
1179 525 1256 575 oon-

142 620 233 719 iugia
257 619 484 706 haberentur,
507 616 651 716 ideoque
676 616 809 692 sanavit
825 641 867 690 ea
884 616 919 688 in
938 614 1077 704 radice,
1098 617 1152 691 uti
1168 642 1257 691 nnnc

142 735 301 835 temporis
318 731 478 834 loquendi
492 757 564 806 mos
582 730 721 807 obtinet.
742 731 816 805 lluc
833 731 935 805 etiam
956 731 1127 831 pertinent
1144 757 1255 806 exem·

142 851 199 951 pla
219 876 307 951 quae
331 849 504 923 attulimus
529 847 820 948 dispensationum
840 861 916 946 post
941 845 1063 918 initum
1085 847 1258 920 matrimo-

142 966 234 1038 nium
251 1023 258 1053 ,
288 980 387 1065 prout
403 964 437 1036 in
455 964 557 1038 veteri
574 962 758 1063 disciplina
775 961 998 1050 obtinebant,
1028 988 1188 1062 quaeque
1206 989 1257 1036 sa·

144 1079 339 1155 nationibus
357 1080 392 1153 in
410 1079 524 1154 radice
540 1094 619 1153 sunt
636 1078 768 1152 affines.
784 1077 826 1153 At
842 1076 951 1176 magis
963 1077 1089 1151 directo
1107 1076 1256 1179 exempla

144 1197 210 1270 iam
238 1195 450 1270 subiicimus.

217 1312 266 1384 llx
291 1338 374 1386 rom.
405 1310 641 1411 pontificibus,
668 1312 726 1411 qui
752 1336 909 1412 expresse
934 1310 1187 1385 matrimonium
1206 1336 1256 1385 sa·

145 1426 299 1501 neverint
325 1426 360 1498 in
379 1425 491 1500 radice
508 1485 516 1513 ,
536 1427 687 1501 omnium
704 1453 848 1527 quorum
873 1441 1131 1500 monumentum
1153 1441 1252 1513 extat,

144 1542 276 1641 primus
302 1541 365 1615 luit
384 1541 576 1615 Bonilaoius
601 1541 687 1612 Vlll.
713 1541 772 1641 qui
798 1541 992 1638 coniugium
1014 1540 1111 1614 irrite
1136 1557 1257 1616 contra·

145 1672 235 1731 ctum
257 1657 345 1731 inter
361 1655 518 1729 Sancium
545 1655 598 1726 lll.
622 1654 788 1730 Castellae
804 1681 915 1754 regem
933 1656 1000 1729 iam
1012 1673 1257 1755 praemortuam

145 1786 178 1845 et
197 1771 336 1846 ldariam
362 1771 397 1843 in
415 1769 513 1844 tertio
530 1770 834 1867 consanguinitatis
858 1768 964 1868 gradu
990 1769 1022 1842 ai
1048 1770 1257 1846 coniunctam

145 1887 278 1961 sanavit
298 1889 362 1983 (8).
384 1886 476 1959 ldem
495 1901 667 1984 praeterea
685 1885 834 1984 pontifex
851 1885 969 1960 eodem
987 1886 1092 1959 ferme
1110 1903 1256 1987 tempora
1287 1945 1288 1948 ,

146 2003 395 2077 matrimonium
421 2001 540 2075 initum
565 2000 609 2074 ab
637 1999 854 2101 lldclphonso
874 2002 933 2074 lll.
962 2014 1050 2100 rege
1067 2003 1257 2078 Lusitaniae

147 2125 224 2192 cani
243 2118 416 2191 comitissa
434 2115 611 2203 Poloniae,
631 2116 696 2189 etsi
713 2115 757 2189 ab
774 2116 871 2192 initio
895 2116 1025 2190 nullum
1051 2117 1097 2192 ob
1119 2145 1259 2194 cunsan-

147 2233 346 2332 guinitatem
363 2258 451 2332 quae
475 2230 566 2331 apud
590 2232 683 2331 ipsos
700 2231 874 2320 intererat,
892 2259 952 2332 per
972 2232 1257 2335 dispensationem

147 2351 183 2420 ιἰι
203 2348 313 2421 radice
330 2347 480 2422 validum
499 2346 611 2420 effecit
626 2350 690 2442 (9).
712 2348 792 2421 Post
807 2348 1015 2422 Bonilacium
1032 2347 1156 2451 reliqui
1175 2362 1258 2451 'pon-

147 2462 255 2536 tifices
269 2462 415 2562 passim,
430 2460 641 2559 gravissimis
660 2460 943 2536 intercedentibus
960 2462 1003 2537 de
1020 2466 1156 2554 causis,
1175 2466 1258 2540 eius·

149 2576 238 2648 modi
257 2576 449 2649 sanationes
467 2591 717 2648 concesserunt.
738 2577 807 2650 Nos
833 2601 875 2648 ne
893 2577 987 2650 nimii
1006 2579 1117 2654 simus
1139 2582 1174 2653 in
1192 2580 1256 2654 illis

145 2688 348 2777 referendis,
377 2714 418 2762 ea
442 2688 636 2785 seligimus,
665 2716 753 2788 quae
778 2690 907 2789 aliquid
926 2691 1095 2790 peculiare
1122 2721 1255 2796 praese-

149 2805 270 2878 lerunt.

224 2923 340 3021 ltaque
370 2922 549 3018 Gregorius
578 2922 668 2994 lllll.
697 2949 764 2997 non
795 2925 898 2999 semel
928 2925 1070 3000 indulsit
1094 2928 1256 3003 eiusmodi

148 3037 362 3125 sanationes,
392 3052 476 3110 teste
501 3038 679 3112 Benedioto
704 3040 786 3111 lllll.
811 3043 904 3136 (10),
933 3042 1049 3141 quiid
1075 3042 1257 3119 luculenter

146 3151 293 3226 ostendit
318 3178 358 3225 ex
384 3149 613 3226 decisionibus
637 3155 763 3241 Rotae,
792 3155 1029 3255 concluditque
1056 3184 1254 3257 responsum

146 3265 256 3339 eidem
276 3266 433 3364 Gregorio
451 3267 611 3340 tributum
627 3268 670 3340 ab
689 3284 884 3343 annotatore
901 3272 1062 3359 Navarri,
1084 3275 1181 3372 quod
1199 3274 1257 3349 sci·

146 3379 224 3454 licet
248 3382 322 3481 ipse
339 3409 405 3456 non
430 3384 575 3482 potuerit
598 3384 762 3458 eiusmodi
781 3384 1072 3484 dispensationem
1090 3389 1129 3461 in
1148 3390 1257 3464 radiae

147 3497 349 3585 concedere,
385 3514 443 3570 aut
468 3524 545 3571 csse
571 3498 822 3598 apocryphum,
852 3519 909 3574 aut
938 3502 1196 3600 intelligendum
1219 3504 1258 3577 de

147 3609 311 3706 singulari
330 3611 444 3711 aliquo
461 3613 640 3700 adiuncto,
670 3614 705 3685 in
730 3640 798 3713 quo
815 3617 947 3691 censuit
965 3643 1038 3691 eam
1065 3645 1145 3694 esse
1166 3621 1260 3695 denc-

146 3724 306 3823 gandam.

215 3940 250 4003 (ιι)
265 3941 303 3990 ct.
316 3943 426 3991 Mariana
435 3943 535 3992 Htrtor.
547 3943 650 4007 hispan
663 3944 706 3995 lib.
716 3947 758 3995 ix.
767 3958 821 4010 cap.
836 3953 871 3998 19.
887 3949 912 3997 et
921 3949 1015 3998 Laurea
1026 3950 1224 4002 metiendam.
1236 3956 1258 4000 a.

146 4030 172 4067 ιι.
188 4025 228 4070 to.
240 4023 265 4070 at
279 4034 331 4084 seq.
346 4022 389 4085 qni
402 4021 486 4073 subdit
499 4024 562 4074 hanc
581 4025 686 4086 primam
703 4025 778 4077 inisse
794 4027 999 4090 dispensationem
1017 4030 1045 4079 tn
1062 4028 1158 4082 radtce
1169 4033 1258 4082 matri·

146 4102 229 4149 ιιιοιιιι
244 4113 308 4162 quae
322 4113 435 4164 expresse
451 4103 552 4165 legatur.

215 4178 249 4241 (9)
263 4181 297 4228 Ut
313 4180 387 4231 refert
401 4183 544 4234 Emmanuel
561 4184 634 4233 Facta
649 4187 792 4250 Desponsa
807 4188 832 4236 in
852 4189 923 4252 Eptt.
942 4185 1004 4238 bist.
1017 4191 1138 4240 Lusiton.
1149 4204 1203 4255 par.
1216 4192 1257 4242 lli.

145 4270 199 4320 cap.
213 4261 236 4307 7.
249 4271 274 4307 n.
288 4265 310 4308 ι.
322 4262 347 4310 et
358 4262 452 4311 Laurea
460 4265 530 4314 Dtct.
542 4262 621 4314 decta.
635 4271 658 4314 ιι.
671 4265 714 4315 cit.
726 4279 751 4315 ιι.
767 4274 805 4316 25.

215 4338 265 4399 (ia)
280 4339 310 4395 Q.
329 4343 380 4391 tit.
395 4344 506 4404 quaeest
530 4346 558 4394 ιιι
576 4357 658 4396 consa
671 4348 796 4409 proponat
809 4349 927 4398 matrim.
940 4347 981 4397 die
994 4355 1030 4400 ts.
1044 4349 1090 4399 ΙιιΙ.
1107 4353 1177 4401 tm.
