2804 5062
226 359 297 433 att
468 381 529 431 um.
551 379 585 431 ιι.
607 376 694 431 sacr.
717 381 739 431 r.
757 382 796 430 ns
816 380 941 430 rorrsr.
964 379 1091 432 accus.

227 501 281 574 ius
299 523 396 572 suum
415 497 450 570 in
468 520 584 572 eorum
601 497 700 571 etiam
722 496 936 572 matrimonia
961 495 1175 570 adhucdum
1198 508 1338 572 tueatur.

227 601 638 687 Accusahuntecclesiam
661 610 802 711 perinde
827 635 867 685 ac
892 611 922 684 si
949 611 1015 684 sihi
1037 612 1071 683 in
1094 637 1154 707 eos
1176 612 1235 686 ius
1257 638 1345 686 arro·

230 743 304 828 get,
334 726 392 827 qui
417 727 491 800 eius
517 726 704 801 auctoritati
724 753 789 800 non
809 726 965 800 subsunt.
983 726 1025 800 ht
1040 753 1120 799 num
1142 728 1223 802 idac
1242 727 1344 801 eccle-

228 844 282 918 sia
295 843 348 915 ius
361 841 500 929 amittit,
517 842 597 941 quia
611 841 744 914 ribelles
758 842 884 914 suhditi
899 841 1122 915 obedientiam
1137 841 1346 916 detrectant?

228 959 315 1031 Num
340 957 594 1057 protestantium
620 957 690 1030 irae
708 973 741 1031 et
761 957 918 1057 querelae
948 958 1096 1031 efficient
1116 974 1155 1031 ut
1174 959 1346 1031 matrimo-

229 1075 307 1159 nia,
337 1097 426 1172 quae
449 1097 490 1145 ex
515 1072 679 1148 ecclesiae
710 1073 783 1171 lege
809 1090 889 1148 sunt
919 1074 1034 1162 irrita,
1063 1073 1179 1147 valida
1206 1074 1348 1148 eradant

231 1215 271 1264 ac
296 1186 473 1288 legitima?
492 1188 529 1260 Si
550 1188 760 1263 clandestina
778 1190 1021 1264 haeretrccrum
1039 1189 1259 1264 matrimonia
1273 1203 1347 1263 sunt

232 1305 326 1379 irrita
342 1362 350 1394 ,
367 1304 540 1378 ⁴haeretici
571 1304 663 1379 nullo
696 1305 796 1379 modo
819 1306 863 1378 de
890 1306 1034 1379 ecclesia
1058 1305 1157 1405 queri
1187 1320 1343 1405 possunt,

231 1446 320 1523 quae
344 1421 417 1494 iure
438 1446 500 1495 suc
526 1420 630 1493 utitur
649 1421 926 1522 impedimentum
948 1421 1236 1495 clandestinitatis
1254 1422 1346 1494 insti-

232 1535 368 1612 tuendo.
397 1533 551 1610 Ceterum
581 1535 726 1634 practice
749 1561 816 1609 non
838 1551 890 1609 est
911 1562 971 1609 cur
993 1536 1057 1610 hac
1079 1536 1249 1609 sententia
1275 1561 1346 1637 pro-

232 1668 412 1740 testantes,
429 1667 487 1725 aut
500 1651 676 1726 acatholici
690 1652 724 1723 in
739 1678 861 1750 genere
876 1653 1056 1726 admodum
1074 1656 1342 1752 permoveantur.

231 1844 234 1852 ,
304 1766 436 1840 Etenim
467 1782 727 1866 praeterquam
753 1766 845 1867 quod
869 1767 912 1840 ad
937 1792 1056 1842 omnes
1079 1765 1149 1840 fere
1173 1768 1343 1866 regiones,

226 1909 320 1988 quae
345 1882 536 1957 subduntur
560 1882 770 1983 principibus
797 1883 995 1957 acatholicis
1022 1898 1162 1956 extensa
1179 1900 1234 1957 cst
1250 1883 1346 1956 hene-

229 1999 359 2074 dictina
376 1997 585 2085 Declaratio,
611 2024 680 2097 qua
700 1998 813 2073 valida
834 1997 1061 2073 decernuntur
1080 1998 1255 2073 connubia
1271 1999 1346 2072 utri-

233 2139 343 2215 usque
371 2113 523 2214 speciei,
557 2113 659 2188 immo
688 2114 788 2187 etiam
819 2114 1023 2215 quandoque
1053 2115 1096 2188 ad
1127 2115 1286 2212 regiones
1315 2113 1345 2185 in

235 2230 360 2331 quibus
374 2230 544 2330 principes
562 2228 716 2303 catholici
735 2230 962 2319 dominantur,
978 2245 1015 2304 ut
1032 2231 1068 2303 in
1086 2230 1282 2330 insequenti
1299 2255 1348 2303 ar-

234 2347 336 2420 ticulo
357 2334 470 2421 allatis
491 2346 700 2421 documentis
723 2347 957 2434 ostendemus,
983 2347 1072 2420 duae
1097 2346 1178 2420 illae
1196 2371 1284 2447 quas
1301 2370 1348 2419 re-

235 2450 429 2536 censuimus
456 2461 504 2533 Pii
521 2463 591 2534 Vll.
609 2462 721 2536 verbis
740 2464 969 2561 exceptiones,
990 2462 1082 2535 haud
1100 2488 1224 2561 parum
1246 2461 1349 2536 conle

236 2592 313 2648 runt
325 2576 368 2649 ad
382 2575 659 2676 tranquillitatem
679 2578 917 2649 inducendam.
937 2578 1098 2663 Quamvis
1117 2578 1211 2650 enim
1231 2575 1348 2651 alicubi

236 2689 279 2763 ab
293 2683 388 2764 initio
402 2681 608 2791 publicatum
623 2692 722 2764 luerit
735 2692 953 2765 tridentinum
974 2692 1145 2763 decretum
1160 2750 1167 2778 ,
1191 2692 1221 2764 si
1242 2707 1347 2766 tamen

236 2802 416 2878 chranum
445 2804 710 2904 perturbationes
742 2833 781 2879 ac
808 2805 1062 2880 vicissitudines
1089 2822 1147 2878 aut
1174 2832 1349 2905 numquam

236 2910 337 2992 luerit
356 2918 589 3005 observatum,
618 2935 718 2993 auta
744 2921 850 2994 multo
877 2937 1024 3020 tempore
1048 2921 1083 2991 in
1108 2920 1348 2993 desuetudinem

237 3032 374 3121 abierit,
394 3033 534 3132 perinde
552 3049 604 3107 est
624 3035 666 3106 ad
685 3035 861 3122 ellectum,
882 3035 973 3134 quod
993 3036 1125 3121 attinet,
1148 3061 1187 3108 ac
1206 3037 1237 3109 si
1256 3060 1346 3108 num-

236 3174 337 3248 quam
358 3147 604 3248 promulgatum
618 3149 758 3237 luisset,
775 3149 927 3250 adeoque
940 3150 1097 3247 coniugia
1119 3175 1225 3249 quae,
1246 3150 1346 3224 forma

238 3264 409 3338 tridentini
430 3264 593 3362 neglecta,
612 3266 684 3339 sive
696 3292 808 3340 coram
823 3267 978 3339 ministro
991 3266 1181 3353 haeretico,
1207 3267 1280 3341 sive
1296 3291 1347 3339 oo

239 3406 309 3453 ram
333 3381 530 3478 magistratu
551 3380 718 3454 celebrata
741 3398 836 3470 sunt,
858 3382 1063 3482 quicumque
1081 3382 1208 3455 luerint
1226 3399 1350 3456 contra·

238 3493 377 3582 hentes,
394 3520 434 3567 cx
448 3496 687 3594 impedimento
704 3496 985 3571 clandestinitatis
1005 3523 1070 3570 non
1090 3512 1171 3569 sunt
1188 3495 1345 3571 invalida.

310 3609 462 3698 Accedit,
485 3611 519 3682 in
538 3611 709 3684 nonnullis
728 3611 954 3711 peculiaribus
973 3638 1083 3684 rerum
1101 3611 1292 3698 adiunctis,
1306 3609 1348 3683 uti

239 3742 371 3799 constat
379 3751 419 3799 ex
429 3725 540 3799 allatis
553 3727 774 3813 documentis,
786 3744 936 3801 sanctam
947 3728 1060 3800 sedem
1075 3727 1345 3826 praescripsisse,

238 3857 275 3914 ut
292 3842 322 3915 si
340 3843 399 3941 qui
418 3843 452 3915 in
470 3842 559 3916 hona
577 3843 663 3930 lide,
684 3860 722 3916 ut
739 3844 852 3932 aiunt,
874 3845 964 3916 circa
983 3845 1084 3916 initas
1107 3844 1247 3942 nuptias
1264 3866 1349 3942 rape

238 3960 386 4046 uantur,
413 3959 447 4030 in
471 3959 589 4033 eadem
617 3958 869 4060 relinquantur,
898 3986 1009 4059 neque
1031 3959 1159 4046 arceri,
1186 3959 1216 4031 si
1240 3959 1283 4031 ad
1303 3982 1350 4030 ca·

240 4070 398 4145 thelicam
421 4073 521 4147 iidem
543 4075 768 4174 pervenerint,
786 4091 1103 4148 asacramentorum
1121 4074 1345 4172 susceptione,

241 4202 299 4258 aut
331 4190 451 4285 quavis
481 4191 611 4264 ratione
640 4192 682 4262 iis
709 4193 815 4264 creari
850 4191 1007 4264 molestia
1034 4190 1165 4264 debeat.
1197 4190 1296 4277 Quod
1321 4185 1347 4260 si

240 4318 315 4399 post
328 4318 385 4377 aut
398 4303 571 4378 amborum
589 4306 786 4402 coniugum,
807 4324 865 4380 aut
884 4306 1080 4380 alterutrius
1099 4305 1348 4382 conversionem
