2804 5062
142 354 212 425 128
385 373 448 425 ιιι.
469 373 504 424 u.
524 373 612 424 sacr.
633 375 657 425 1.
678 374 718 424 nu
736 372 861 426 rorrsr.
883 372 1009 426 sccurs.

141 496 265 569 tionem
290 492 466 566 suasibus
491 492 694 576 reservatis,
723 518 812 592 quae
831 492 951 566 illicita
976 490 1117 592 quidem
1147 495 1256 570 iuret

141 635 208 685 non
229 625 342 683 umen
363 608 476 692 nulla,
501 633 542 681 uc
559 607 589 681 si
608 626 762 707 ageretur
778 608 821 681 de
837 608 996 707 opinione
1012 626 1146 684 mutum
1166 610 1256 686 theu

139 725 311 823 logorum,
335 724 454 798 iuverit
478 722 543 823 ipsi
563 750 734 823 epponem
750 750 911 797 canonem
930 725 1163 823 dogmaticum
1182 750 1256 800 cou-

141 842 210 915 cilii
236 840 408 913 tridentini
425 867 494 938 quo
518 840 730 913 decernitur:
751 841 814 912 «Si
833 841 911 939 quis
928 841 1051 915 dixerit
1072 843 1256 943 episeopo!

142 982 208 1029 non
230 954 355 1027 hahere
379 954 432 1028 ius
459 954 653 1027 reservandi
681 954 747 1027 sihi
773 979 897 1040 cesus,
918 956 982 1028 nisi
1009 957 1126 1055 quoad
1152 973 1256 1031 exter

141 1097 219 1143 uem
241 1069 416 1168 politiam,
436 1086 539 1169 atque
556 1070 631 1143 ideo
649 1096 790 1143 casuum
809 1072 1068 1144 reservationem
1093 1097 1165 1146 uon
1185 1096 1256 1170 pro

142 1186 283 1271 hibere,
321 1186 500 1284 quominus
527 1186 684 1259 sacerdos
714 1213 735 1259 a
765 1187 944 1260 reservatis
971 1212 1045 1259 cere
1075 1187 1237 1262 absolvet

142 1299 257 1373 anath.
284 1299 329 1373 sit
353 1303 473 1395 (88).»
494 1301 581 1398 Ergo
606 1299 821 1374 adversarius
847 1326 913 1372 non
935 1300 969 1371 in
992 1298 1136 1373 liberam
1165 1300 1256 1376 theo

141 1413 294 1511 logorum
323 1414 539 1514 opinionem,
572 1414 693 1487 sedin
724 1414 802 1487 fidei
830 1414 953 1512 dogma
979 1414 1133 1514 impegit.
1162 1415 1256 1491 Tales

143 1544 222 1604 sunt
245 1529 391 1626 theologi
414 1528 484 1617 illi,
510 1529 569 1629 qui
594 1529 668 1604 iura
693 1530 866 1630 pontificia
892 1555 953 1603 seu
978 1530 1194 1629 apostolicae
1209 1556 1256 1606 se

144 1644 198 1718 dis
219 1644 442 1719 adoriuntur!

215 1761 265 1833 hd
284 1787 477 1859 germanam
494 1761 643 1860 hugelici
662 1761 808 1836 doctoris
827 1779 971 1836 mentem
987 1763 1256 1860 assequendam,

145 1877 229 1954 satis
255 1876 317 1951 erit
334 1877 501 1975 integrum
526 1877 599 1951 aius
613 1894 738 1950 textum
752 1877 922 1950 exhibere.
943 1878 982 1949 lu
1007 1876 1256 1974 allegato-enin

145 2005 208 2066 art.
235 1996 269 2065 t.
296 1992 384 2066 hanc
401 1993 467 2090 sibi
494 2020 524 2066 s.
546 1993 663 2067 doctor
684 1994 914 2093 quaestionem
941 1994 1124 2093 proponit:
1152 2009 1256 2069 utrurr

145 2134 244 2210 super
273 2110 436 2208 episcopos
462 2112 567 2208 possit
596 2136 663 2182 esse
697 2110 819 2207 clr'qur's
849 2112 996 2208 superior
1027 2111 1064 2181 in
1093 2110 1256 2185 ccclesiel

145 2242 221 2322 post
247 2222 367 2298 allatas
401 2224 581 2298 nonnullas
606 2224 821 2298 auctoritates
856 2226 903 2299 ita
936 2226 1143 2325 respondet:
1178 2226 1256 2300 «di-

145 2339 311 2426 cendum,
339 2340 430 2440 quod
457 2339 661 2441 ubicumque
687 2358 765 2413 sunt
785 2342 896 2423 ,multa
920 2340 1084 2438 regimina
1106 2342 1256 2417 ordinate

146 2456 180 2526 in
198 2483 329 2541 unum,
359 2471 490 2555 oportet
515 2482 592 2530 esse
617 2456 755 2557 aliquod
774 2456 966 2530 universale
992 2482 1096 2555 supra
1115 2459 1256 2556 particu-

145 2570 230 2643 laria
248 2571 424 2666 regimina.
447 2626 478 2646 ..
500 2572 541 2644 Et
559 2572 634 2644 ideo
652 2599 728 2645 cum
747 2589 815 2645 totu
833 2572 976 2647 ecclesie
994 2574 1040 2645 sit
1065 2600 1174 2646 unum
1192 2600 1256 2648 cor·

146 2711 230 2785 pus,
256 2701 407 2785 oportet,
436 2686 466 2758 si
495 2687 559 2759 ista
581 2688 694 2761 unitas
721 2688 821 2760 debet
850 2689 1068 2775 conservari,
1098 2691 1193 2789 quod
1217 2691 1256 2763 sit

146 2800 260 2899 alique
278 2817 428 2898 potestas
445 2803 584 2897 regitiva
604 2820 757 2902 respectu
779 2804 879 2878 totius
898 2804 1061 2878 ecclesiae
1080 2832 1187 2903 supra
1204 2830 1256 2904 po·

146 2933 298 2992 testatem
316 2917 565 3016 episcopalem,
594 2946 662 3018 que
687 2947 912 3019 unaquaeque
939 2921 1099 3018 specialis
1118 2921 1256 2995 ecclesia

146 3032 293 3131 regitur:
314 3050 347 3105 et
360 3032 444 3106 hoec
462 3050 514 3107 est
531 3049 680 3133 potestas
705 3063 833 3135 pepee;
855 3053 888 3109 et
911 3036 988 3110 ideo
1006 3036 1071 3122 illi,
1093 3039 1154 3137 qui
1174 3039 1256 3111 huuc

145 3167 342 3249 potestatem
366 3167 507 3248 negant,
538 3151 746 3225 schismatici
773 3152 952 3238 dicuntur,
983 3154 1082 3251 quasi
1102 3154 1256 3226 diuisores

145 3267 284 3340 unitatis
306 3267 480 3341 ccclesiae.
501 3299 518 3336 n
547 3267 643 3353 Quod
672 3294 748 3340 curn
781 3294 871 3340 more
897 3294 958 3341 suo
982 3267 1136 3340 dilucide
1162 3254 1256 3370 expo

145 3383 271 3466 suerit,
292 3385 326 3454 in
340 3384 559 3482 responsione
584 3383 627 3455 sd
646 3384 776 3455 tertiam
799 3411 901 3482 quam
921 3382 985 3455 sihi
1005 3382 1180 3457 obiecerat
1197 3384 1256 3456 dii-

147 3498 347 3584 hcultetem,
375 3501 466 3598 quod
495 3501 684 3598 «superior
710 3516 857 3598 potestas
883 3527 949 3572 non
981 3515 1091 3598 potest
1118 3499 1256 3574 conferri

146 3639 207 3712 per
232 3614 421 3688 inferiorern
448 3674 511 3687 ...
542 3616 631 3688 undo
658 3616 758 3689 etiam
787 3617 944 3689 sacerdos
963 3643 1029 3689 non
1056 3633 1168 3715 potest
1185 3621 1256 3718 pro

147 3756 281 3803 movere
317 3730 539 3829 episcopum,
578 3758 687 3830 neque
721 3732 940 3805 sacerdotem.
976 3730 1040 3804 Sed
1079 3733 1256 3832 episcopus

214 3926 263 3985 (88)
280 3927 343 3973 sess.
360 3927 423 3974 xlv.
438 3938 491 3973 corr.
505 3926 536 3973 ll.
550 3927 575 3973 ln
597 3925 695 3989 praevie
712 3929 792 3975 nutem
813 3925 938 3975 doctrinae
957 3925 1091 3974 cstiiolicue
1112 3926 1256 3990 expositione

146 4006 278 4055 concilium
290 4007 314 4054 in
326 4005 411 4055 cariem
430 4017 490 4055 sess.
504 4018 555 4068 esp.
571 4006 637 4054 ΧΙΙΙ.
651 3997 709 4054 hene
727 4005 814 4055 hahet:
837 4027 847 4047 ιι
859 4005 979 4062 Quoniam
996 4005 1069 4067 igitur
1088 4009 1180 4055 nutura
1191 4009 1214 4055 st
1225 4017 1256 4053 ru

145 4086 181 4135 iio
199 4084 284 4135 iudicii
305 4086 366 4134 iilud
387 4085 509 4149 exposuit,
529 4087 557 4133 ut
576 4085 694 4134 sententia
715 4085 739 4133 in
760 4085 872 4134 subditos
888 4085 1016 4134 dumtaxat
1036 4084 1145 4146 leretur,
1168 4094 1256 4148 perm·

146 4178 201 4213 sum
221 4178 316 4227 sernper
334 4165 360 4213 iu
375 4165 478 4215 ecclesia
494 4164 537 4215 Dei
556 4164 617 4224 init,
635 4166 660 4213 et
678 4165 833 4214 verissimum
852 4179 904 4214 osse
921 4165 1028 4228 synodus
1044 4165 1104 4215 herc
1120 4166 1255 4223 consumo,

145 4243 249 4293 nudius
262 4246 385 4294 uronrcnti
401 4243 580 4294 absolutionem
602 4256 656 4293 eom
677 4258 744 4303 osso,
763 4259 838 4307 quiam
859 4243 973 4293 sacerdos
992 4246 1017 4292 in
1038 4257 1094 4293 euni
1112 4241 1256 4309 protert,iu

146 4336 222 4388 «suern
238 4323 389 4374 ordinarium
408 4329 455 4375 uut
470 4324 652 4386 urnuategann
668 4337 717 4374 non
737 4324 811 4374 hebet
827 4324 1027 4377 iurisdictionem.
1038 4343 1050 4365 ν
1253 4312 1256 4329 '
