2804 5062
175 387 1134 444 cuanrmscrurorasnrnmc.rur.naumurum.n.
1166 371 1231 444 t'tt
1303 453 1304 457 Ἴ

125 506 228 582 etiam
252 506 400 608 seposita
424 507 621 581 sacramenti
639 506 767 580 ratione
792 505 836 579 ad
861 532 1010 594 sacram,
1030 535 1096 583 non
1121 527 1233 585 autem

125 621 169 696 ad
194 619 327 696 civilem
351 622 580 696 auctoritatem
606 622 717 721 quoad
743 621 913 696 vinculum
932 623 967 695 in
990 623 1065 723 ipso
1091 625 1234 698 naturali

125 735 246 811 ordine
267 737 458 837 pertineret.
604 734 607 742 ’

198 852 357 951 Sequitur
381 853 417 924 2.
447 854 563 952 Neque
588 852 820 938 dicidebera,
846 852 1051 927 exclusivum
1073 855 1235 930 ecclesiae

126 968 182 1041 ius
208 968 378 1042 statuendi
404 966 642 1067 impedimenta
665 967 914 1042 matrimonium
939 969 1129 1044 dirimentis
1156 999 1237 1071 pen-

125 1082 209 1157 dere
233 1108 275 1156 ex
301 1083 446 1182 positiva
471 1083 585 1183 aliqua
615 1082 782 1157 ecclesiae
807 1082 899 1180 lege,
928 1110 990 1157 seu
1013 1110 1054 1158 ex
1083 1086 1155 1159 inre
1180 1113 1235 1161 ec-

125 1197 336 1287 clesiastico,
356 1225 424 1300 quo
449 1198 515 1274 sibi
539 1226 614 1274 eam
638 1214 835 1298 potestatem
863 1199 1006 1274 ecclesia
1032 1201 1108 1300 ipsa
1133 1229 1237 1276 reser-

125 1313 274 1402 munt,
290 1314 431 1414 eiusque
443 1340 543 1388 usum
560 1313 755 1388 christianis
780 1313 989 1415 principibus
1012 1315 1232 1393 interdixerit.

188 1430 358 1530 -Sequitur
382 1433 417 1504 3.
440 1432 555 1530 Neque
581 1430 665 1503 illud
690 1429 933 1504 admittendum
962 1456 1037 1506 esse
1058 1433 1237 1509 nonnullo-

125 1571 202 1618 rum
228 1545 456 1644 theologorum
475 1544 656 1646 placitum,
673 1546 731 1645 qui
750 1546 895 1643 gratuito
920 1546 1107 1635 affirmant,
1124 1549 1236 1623 exclu-

125 1661 239 1735 sivum
268 1661 353 1734 illud
378 1660 546 1736 ecclesiae
577 1661 630 1735 ius
656 1662 803 1761 pendere
827 1686 867 1735 ex
896 1663 996 1736 tacita
1019 1665 1165 1763 quadam
1196 1691 1237 1739 ac

125 1775 292 1876 implicita
314 1777 575 1853 christianorum
597 1775 787 1879 principum
808 1777 981 1866 cessione,
1010 1779 1068 1878 qui
1095 1807 1154 1880 pro
1173 1807 1237 1856 sua

125 1892 163 1965 ἰι
189 1892 367 1967 ewlesiam
394 1894 517 1993 pietate
533 1892 727 1967 exercitium
752 1891 856 1967 huius
880 1894 1053 1993 potestatis
1074 1894 1238 1970 ecclesiae

126 1994 308 2108 reliquisse
331 2007 501 2083 dicuntur.
573 2023 575 2027 ’

198 2123 357 2224 Sequitur
382 2126 416 2196 i.
437 2120 540 2196 hlulto
569 2122 678 2221 magis
693 2149 824 2197 errare
858 2121 1034 2221 regalistae
1059 2126 1118 2225 qui
1146 2142 1236 2226 pote

125 2253 246 2314 statem
275 2239 360 2314 iuris
378 2264 447 2339 quo
472 2238 596 2336 gaudet
619 2237 762 2312 ecclesia
786 2238 830 2312 ab
849 2239 1066 2339 usurpatione
1090 2241 1236 2340 quadam

125 2372 306 2456 repetunt,
336 2381 376 2429 ac
400 2355 558 2430 ellutiunt
581 2354 789 2430 tenebricoso
806 2355 865 2428 illo
890 2355 1000 2430 medio
1026 2380 1108 2430 aero
1130 2356 1236 2431 ecole-

125 2471 215 2544 siam
234 2470 299 2543 sibi
315 2470 349 2544 ti
367 2486 425 2545 aut
445 2470 564 2543 fraude
588 2484 786 2569 potestatem
811 2495 996 2570 usurpasse
1013 2494 1053 2544 ac
1077 2470 1237 2545 dirimen-

125 2586 174 2664 tia
199 2587 439 2686 impedimenta
464 2586 681 2661 constituisse
700 2584 791 2660 illius
809 2585 928 2660 aetatis
954 2585 1120 2660 communi
1146 2586 1238 2685 igne

125 2701 238 2776 nantia
262 2703 359 2775 freta.

199 2816 357 2916 Sequitur
381 2820 415 2890 h.
444 2817 541 2893 Falso
571 2816 724 2892 laborare
749 2816 926 2917 supposito
949 2817 1146 2916 regalistae,
1178 2821 1236 2920 qui

125 2931 253 3030 regiam
272 2948 470 3032 potestatem
490 2933 524 3004 in
542 2932 746 3007 matrimonii
762 2930 934 3037 vinculum
952 2951 1074 3008 vocant
1097 2935 1239 3009 inamis-

125 3045 283 3134 sibilem,
303 3046 649 3148 impraescriptihilem
664 3061 765 3146 atque
781 3045 1027 3135 inviolabilem,
1047 3073 1087 3122 ac
1104 3049 1158 3121 ius
1171 3075 1238 3122 mo

125 3163 324 3246 astartem,
337 3161 427 3261 quod
447 3188 509 3234 nec
526 3162 599 3235 cedi
618 3188 680 3234 nec
696 3162 818 3235 auferri
835 3178 955 3262 potest.
968 3161 1236 3238 Commentitium

125 3275 296 3376 siquidem
314 3293 366 3350 est
383 3269 575 3350 huiusmodi
590 3276 643 3350 ius
657 3303 697 3350 ae
709 3276 853 3375 gratuito
878 3303 1016 3376 prorsus
1042 3277 1232 3351 confictum.

199 3391 358 3491 Sequitur
376 3393 548 3490 allegato
568 3392 759 3491 principum
776 3391 879 3466 etiam
896 3391 1084 3466 infidelium
1110 3392 1181 3469 iure
1202 3394 1237 3467 in
1258 3480 1261 3486 1

125 3506 377 3580 matrimonium
394 3508 593 3594 infidelium,
603 3507 710 3582 locum
725 3508 872 3608 amplius
886 3535 951 3582 non
962 3508 1238 3584 haberedilficul-

125 3636 213 3695 tates
224 3622 390 3720 quasdam
404 3620 659 3720 regalistarum,
676 3649 762 3722 quae
774 3650 897 3721 magna
910 3623 943 3696 vi
958 3649 1020 3697 uec
1032 3623 1106 3698 sine
1125 3625 1238 3699 trium·

125 3735 187 3837 phi
205 3737 318 3835 specie
335 3737 445 3811 solent
460 3754 575 3812 contra
592 3764 650 3812 eos
676 3738 865 3836 theologos,
890 3739 949 3837 qui
968 3738 1021 3812 ius
1041 3738 1124 3811 illud
1145 3739 1236 3839 quod

125 3851 320 3926 infidelibus
345 3853 555 3952 principibus
573 3853 735 3941 tribuunt,
757 3880 795 3927 ac
811 3853 1007 3928 christianis
1025 3855 1236 3954 principibus

125 3984 273 4064 negant,
306 3970 430 4068 urgeri.
460 3969 579 4043 Rident
610 3969 767 4042 nimirum
799 3971 976 4068 regalistae
1008 3969 1236 4068 theologorum

125 4080 266 4184 placita,
281 4110 369 4184 quae
382 4085 481 4159 modo
500 4084 728 4158 recensuimus
750 4088 844 4183 (53),
866 4102 979 4185 utpote
995 4085 1153 4184 gratuita,
1177 4113 1237 4160 nec

196 4255 250 4317 (⁵³)
265 4254 411 4318 speciminis
425 4255 504 4318 gratia
518 4254 593 4305 rerba
608 4255 723 4319 alierum,
740 4269 804 4320 quae
819 4255 996 4306 inverecundus
1011 4257 1136 4307 launoius
1151 4257 1237 4318 habat,

125 4334 159 4384 sie
175 4333 270 4395 tingens
279 4348 340 4384 rom.
348 4335 487 4399 pontificem
497 4334 618 4400 principes
628 4335 805 4399 alloquentem:
819 4354 832 4380 α
840 4337 905 4387 Bane
916 4334 1032 4386 veneritis
1044 4334 1163 4386 cariosum
1175 4334 1235 4396 utiq
