2804 5062
254 346 319 417 l'lt
443 367 503 418 ua.
524 368 559 417 u.
581 367 666 417 srcr.
688 369 817 418 surena.
843 369 883 417 ns
902 368 1027 419 rornsr.
1050 369 1162 421 cnut.

251 478 371 558 dentur
390 482 473 555 adeo
489 474 623 559 solliciti
653 509 729 557 esse
754 484 875 556 iunium
901 485 1089 583 principis,
1120 500 1160 557 nt
1184 487 1283 559 etiam
1306 487 1348 558 in·

252 598 365 673 debite
389 598 462 670 iura
488 598 640 683 subueli
667 598 780 697 specie
805 597 852 669 illi
876 596 1049 672 vindicent
1078 603 1172 696 (dl).

326 716 375 786 lta
398 713 531 812 quidem
559 713 688 812 passim
706 711 850 810 theologi
876 714 1001 812 optime
1027 715 1216 804 disserunt,
1239 717 1349 815 quibus

252 828 379 902 lubenti
410 828 523 901 animo
545 828 710 901 calculum
742 846 891 901 nostrum
917 829 1124 916 adiicimus,
1156 832 1261 903 immo
1284 857 1350 904 vero

253 939 782 1028 nonnullisanimadversionibus
801 943 875 1016 heic
893 943 1000 1016 obiter
1012 944 1213 1018 huiusmodi
1230 972 1350 1045 respon·

254 1060 367 1132 siones
400 1058 441 1129 ad
477 1057 707 1153 regalistarum
732 1057 947 1131 difficultates
978 1060 1236 1137 confirmamus.
1268 1061 1351 1132 Diffi·

253 1173 393 1246 cultates
419 1171 483 1244 hae
508 1173 690 1273 suppositis
718 1174 888 1260 nituntur,
916 1200 1003 1272 quae
1028 1174 1215 1273 improbari
1244 1176 1352 1269 pariter

255 1287 388 1360 debent.
406 1287 537 1359 Etenim
558 1291 591 1358 l.
609 1304 802 1388 supponunt
829 1287 1037 1387 principibus
1070 1314 1138 1362 uon
1171 1289 1351 1366 incumbere

257 1401 483 1475 necessarium
518 1402 681 1488 ellicium,
710 1402 769 1475 sed
794 1428 908 1474 eorum
932 1428 1018 1501 pene
1048 1401 1192 1476 arbitrio
1224 1403 1350 1502 relinqui

256 1525 431 1599 christiani
457 1526 540 1598 fiant
563 1552 632 1599 nee·
647 1553 705 1612 nc,
723 1543 825 1625 atque
850 1526 892 1598 ad
920 1526 953 1597 id
978 1551 1019 1597 ex
1045 1525 1218 1625 principio
1245 1528 1352 1599 utilite

259 1641 300 1711 tie
318 1639 531 1712 determinari
558 1638 689 1712 debere.
711 1641 910 1740 Supponunt
928 1642 961 1711 2.
982 1639 1072 1736 leges
1097 1640 1173 1712 fieri
1200 1642 1312 1740 potius
1325 1656 1352 1711 ut

257 1755 447 1854 principum
471 1754 631 1828 voluntati
657 1750 814 1852 seleges
845 1755 969 1828 lerendi
988 1754 1180 1828 auctoritati
1208 1757 1349 1838 satisfiat,

257 1895 358 1968 quem
383 1885 421 1941 ut
449 1869 643 1968 populorum
667 1869 860 1942 necessitati
886 1868 1111 1968 provideatur,
1132 1870 1195 1968 qni
1221 1895 1352 1970 querun-

258 2001 312 2058 tur
335 2010 375 2058 ao
400 2010 497 2081 aegre
522 1985 630 2056 lerunt
653 1984 855 2058 christianos
881 1982 1023 2084 populos
1047 1983 1212 2058 civilibus
1237 1984 1354 2083 legibus

259 2125 325 2173 non
350 2099 516 2196 indigere,
542 2126 630 2198 quae
653 2100 898 2172 matrimonium
925 2115 1056 2196 regant,
1076 2125 1117 2172 ee
1142 2101 1239 2199 quod
1264 2100 1354 2174 eccle·

258 2213 311 2289 sia
335 2215 514 2312 regendum
534 2216 616 2288 illud
634 2231 723 2289 tanto
743 2216 874 2289 felicius
888 2215 1049 2314 suscepit,
1066 2216 1200 2289 similes
1213 2216 1355 2290 videntur

260 2328 390 2403 medico
408 2331 466 2429 qui
489 2330 571 2403 lorte
587 2325 778 2429 quereretur
802 2355 938 2426 aegrum
963 2329 1097 2402 sanitati
1123 2347 1355 2429 supernatura·

260 2443 335 2517 liter
358 2446 545 2519 restitutum
572 2446 636 2518 iam
661 2447 733 2518 suis
758 2445 936 2518 medicinis
956 2472 1021 2518 non
1046 2444 1216 2541 indigere.
1239 2448 1356 2545 Suppe

262 2576 344 2632 nunt
379 2564 412 2633 3.
442 2561 572 2633 civilem
610 2561 834 2633 auctoritatem
868 2577 958 2632 extra
990 2560 1169 2632 eeclesiam
1203 2562 1356 2660 principia

261 2674 415 2774 publicae
435 2677 617 2748 honestatis
639 2692 750 2749 sancte
769 2701 900 2747 serrare
919 2701 1017 2773 posse
1032 2689 1065 2746 et
1089 2674 1277 2747 efficaciter
1298 2699 1357 2773 pro

261 2815 407 2874 movere,
425 2790 505 2860 dum
519 2808 633 2861 eontra
658 2790 860 2888 experientia
880 2790 996 2874 docet,
1012 2788 1199 2860 dictamina
1217 2790 1293 2888 ipsa
1309 2814 1357 2860 na·

261 2904 376 2976 turalis
397 2905 579 2976 honestatis
606 2922 673 2977 tum
690 2905 724 2975 in
750 2906 839 2991 aliis,
857 2921 924 2977 tum
943 2905 977 2973 in
1003 2930 1038 2975 re
1056 2905 1299 2978 matrimoniali
1317 2906 1357 2976 in·

261 3034 350 3090 certa
383 3036 483 3117 atque
516 3018 701 3092 inefficacia
736 3020 769 3090 in
796 3045 928 3116 pagana
963 3018 1121 3090 societate
1152 3022 1307 3093 evasisse
1328 3043 1358 3090 ac
1389 3077 1391 3084 ,

263 3135 475 3206 nuncetiam
501 3135 642 3206 evadere
668 3135 764 3208 simul
791 3161 830 3206 ao
856 3134 1016 3205 ecclesiae
1042 3148 1074 3204 et
1100 3134 1279 3230 religionis
1309 3160 1358 3206 an·

262 3248 397 3321 ctoritas
423 3275 442 3320 a
467 3248 556 3320 civili
584 3266 745 3346 potestate
776 3248 1008 3320 contemnitur.
1038 3246 1122 3318 lllale
1149 3248 1254 3343 igitur
1280 3247 1359 3346 prin

263 3363 396 3463 cipibus
415 3364 570 3435 tribuitur
588 3364 640 3436 ius
659 3363 782 3435 ferendi
801 3362 908 3458 legeS,
926 3387 1012 3460 qnae
1034 3362 1238 3434 matrimonii
1254 3362 1360 3434 vincu-

264 3478 332 3549 lum
353 3479 551 3577 respiciant,
568 3506 720 3578 quaeque
738 3478 819 3549 illud
838 3478 890 3550 vel
910 3477 1093 3574 impediant
1109 3477 1163 3548 vel
1195 3478 1356 3556 dirimant,

262 3594 342 3665 dum
373 3595 468 3682 adest
497 3595 721 3667 ecclesiastica
752 3593 928 3665 auotoritas
960 3618 1046 3690 quae
1075 3592 1227 3690 prolecto
1252 3591 1359 3664 maiori

263 3709 402 3782 scientia
427 3736 466 3781 ac
490 3710 706 3794 certitudine,
738 3708 922 3806 maiorique
952 3706 1102 3778 efficacia
1134 3706 1304 3780 honestati
1329 3729 1360 3776 ae

263 3824 430 3896 sanctitati
455 3825 601 3919 coniugii
626 3823 798 3921 providere
821 3838 939 3919 potest.
957 3822 1072 3920 ltaque
1089 3821 1225 3892 etiamsi
1245 3820 1361 3918 princi·

265 3965 322 4034 pes
341 3939 419 4009 dum
440 3966 477 4010 ex
496 3939 691 4010 infidelitate
710 3938 752 4010 ad
770 3937 986 4009 christianam
1005 3935 1203 4032 religionem
1217 3936 1358 4017 veniunt,

266 4053 318 4122 ius
344 4053 478 4152 aliquod
505 4056 538 4123 in
565 4054 808 4126 matrimonium
836 4052 1040 4136 amitterent,
1056 4050 1090 4121 id
1109 4049 1241 4123 lucrum
1260 4050 1360 4149 potius

335 4238 385 4297 (57)
402 4239 453 4287 Hoc
469 4241 636 4300 argannenlurn
657 4238 778 4300 praeclare
797 4236 889 4286 evolvit
913 4235 980 4284 rard.
1001 4233 1126 4284 Gerdilius
1142 4236 1168 4285 in
1186 4250 1233 4285 suo
1251 4235 1359 4288 stnttoto

263 4313 306 4363 ‹lrl
322 4319 488 4367 arrolrtmontu
503 4332 553 4380 par.
570 4319 627 4381 ll.§
645 4321 685 4367 lv.
701 4319 867 4379 merestona.
