2804 5062
195 405 263 455 car.
278 406 325 454 ιιι.
336 405 376 453 aa
389 403 452 453 civ.
466 403 590 453 rorasr.
603 404 704 452 rarae.
718 405 782 452 ιιιι.
796 404 916 452 aunan
929 404 1024 453 uara.
1034 403 1103 452 aar.
1114 406 1136 453 1.
1181 383 1246 451 iii

147 522 258 595 nalem
284 520 446 606 definiat,
481 520 675 593 nonnullum
701 520 783 593 lorte
807 520 965 591 emissum
991 536 1067 592 est:
1102 520 1161 593 sed
1186 520 1249 593 hoc

146 637 260 735 ipsum
287 662 423 736 prorsus
448 638 602 731 ignorant
635 635 736 708 etiam
761 636 883 707 Romae
907 635 969 741 riri
996 634 1195 715 doctissimi,
1216 653 1249 709 et

146 752 182 822 in
209 750 331 824 studiis
353 750 520 849 rebusque
549 750 744 846 theologicis
767 766 799 821 et
816 749 987 821 canonicis
1012 747 1244 823 versatissimi.

147 868 236 963 Ergo
262 883 387 938 tautum
411 864 521 949 abest,
544 881 581 936 ut
604 865 646 936 de
675 864 732 936 illa
759 890 787 936 s.
811 864 901 937 sedis
921 864 1144 937 declaratione
1169 890 1248 937 con·

146 997 224 1066 stet,
240 998 277 1053 ut
293 997 407 1053 contra
429 996 554 1052 certum
577 980 621 1051 sit
638 978 763 1050 nullam
782 978 845 1052 hoc
864 980 998 1051 nomine
1014 979 1248 1078 appellandam

144 1095 300 1168 existere.
330 1094 496 1167 Hactenus
527 1094 661 1192 quidem
687 1092 743 1166 ille
772 1096 860 1188 (tt).

209 1209 270 1282 ¹hd
284 1208 403 1283 horum
422 1208 611 1282 ulteriorem
634 1208 915 1281 confirmationem
941 1207 1029 1280 adde
1047 1206 1090 1281 cl.
1120 1209 1250 1281 lluzza·

145 1321 278 1397 rallium
304 1324 425 1397 Romae
452 1322 608 1418 vulgasse
633 1321 829 1421 opusculum
855 1347 953 1393 suum
980 1321 1023 1394 de
1047 1323 1245 1396 matrimonii

145 1455 319 1512 contractu
340 1454 437 1536 prout
450 1454 501 1509 est
519 1454 774 1517 sacramentum,
797 1436 831 1506 in
858 1462 924 1534 quo
942 1437 1030 1509 hano
1048 1454 1156 1509 tuetur
1174 1465 1251 1512 sen-

146 1552 297 1638 tentiam,
310 1552 364 1625 cui
379 1568 487 1625 tamen
501 1567 615 1650 utpote
629 1577 657 1623 s.
675 1551 948 1649 poenitentiarius
965 1553 1138 1650 pontilicio
1156 1552 1250 1627 theo-

146 1667 242 1763 logo,
264 1667 293 1740 si
310 1693 377 1766 qua
395 1668 426 1739 ei
442 1667 622 1740 declaratio
640 1682 697 1738 aut
715 1665 872 1739 resolutio
894 1667 1058 1740 contraria
1082 1684 1250 1766 comperta

145 1781 284 1868 luisset,
304 1782 450 1880 prolecto
463 1788 649 1880 ‚numquam
663 1781 754 1852 illam
772 1781 968 1853 sententiam
987 1799 1245 1882 propugnasset.

146 1898 220 1994 Ego
245 1897 318 1996 ipse
341 1897 574 1971 doctissimum
600 1897 634 1967 S.
655 1896 694 1969 lt.
716 1897 754 1966 ll.
776 1895 1006 1983 cardinalem,
1027 1899 1086 1995 qui
1112 1924 1178 1970 non
1203 1900 1250 1973 ita

147 2011 279 2111 pridem
301 2013 483 2086 assessoris
504 2038 642 2084 munere
667 2037 891 2084 summarum
913 2010 1012 2084 laude
1030 2013 1162 2088 functus
1179 2031 1251 2088 erat

145 2154 199 2200 ss.
220 2127 447 2222 inquisitionis
469 2153 647 2224 supremae
672 2125 938 2224 congregationis
960 2125 1024 2199 hae
1041 2125 1083 2199 de
1101 2153 1136 2198 re
1154 2129 1251 2202 inter-

147 2244 262 2338 rogavi
281 2299 288 2328 ,
308 2242 460 2342 mihique
482 2241 654 2341 respondit
668 2240 795 2314 nullum
810 2240 935 2313 editum
958 2242 1064 2315 luisse
1081 2242 1249 2340 decretum

146 2357 356 2430 huiusmodi.
378 2356 475 2441 Quod
494 2355 523 2429 si
542 2355 655 2453 aliqua
669 2354 824 2428 resolutio
839 2354 1018 2458 peculiaris
1032 2356 1110 2428 data
1127 2373 1177 2430 est
1190 2385 1249 2457 pro

144 2471 286 2572 speciali
304 2471 526 2571 aliquocasu,
546 2470 631 2541 nihil
654 2469 777 2555 officit,
797 2486 866 2542 tum
885 2472 965 2569 quia
987 2471 1148 2544 hactenus
1172 2473 1250 2546 data

144 2614 251 2688 opera
275 2587 337 2660 hoc
357 2613 459 2685 super
480 2602 673 2682 argumento
697 2585 865 2658 discussio
883 2586 969 2659 lacta
987 2612 1053 2659 uon
1071 2587 1193 2670 luerat,
1219 2604 1251 2661 et

147 2703 185 2774 in
200 2700 299 2774 rebus
317 2700 430 2773 dubiis
448 2714 689 2772 consueverunt
701 2698 973 2795 congregationes
992 2726 1147 2773 romanae
1161 2728 1251 2774 com·

147 2808 295 2890 munioni
322 2814 527 2900 sententiae,
548 2828 646 2913 prout
671 2813 833 2887 hactenus
858 2813 923 2885 ista
941 2813 1003 2886 luit
1019 2813 1062 2887 ob
1087 2814 1249 2889 rationum

146 2947 315 3004 momenta
337 2936 423 3029 quae
445 2929 544 3029 paulo
574 2944 652 3002 aute
675 2930 920 3014 recensuimus,
936 2930 1139 3016 adhaerere,
1168 2933 1250 3031 quin

145 3047 352 3144 intenderint
376 3045 549 3145 quidpiam
576 3045 622 3117 rei
643 3046 773 3118 veritati
800 3043 987 3146 detrahere,
1016 3060 1113 3144 prout
1130 3045 1251 3119 identi-

144 3163 226 3236 dem
258 3162 291 3234 in
323 3163 400 3236 aliis
429 3162 539 3235 adhue
574 3161 730 3259 implexis
759 3159 1015 3260 quaestionibus
1047 3187 1084 3234 se
1114 3186 1151 3233 se
1175 3186 1251 3257 ges-

145 3294 266 3351 seruut
293 3280 381 3373 (hl).

222 3392 352 3463 hlaneat
369 3392 468 3488 igitur
486 3417 594 3491 neque
611 3391 813 3487 argumentis
830 3390 1042 3478 intrinsecis,
1064 3417 1172 3490 neque
1193 3418 1249 3465 ex·

145 3508 325 3594 trinsecis,
355 3535 415 3582 seu
440 3534 480 3580 ex
504 3507 697 3581 auctoritate
723 3507 835 3605 petitis
861 3506 990 3580 concuti
1020 3507 1112 3607 quod
1138 3510 1250 3582 statui·

216 3730 267 3791 (ao)
283 3732 341 3780 uec.
350 3732 392 3781 eir.
403 3744 427 3780 n.
440 3738 494 3782 aas.
504 3744 559 3794 mg.
572 3739 610 3783 τι,
623 3738 661 3783 aa.

220 3809 270 3871 (at)
287 3813 338 3860 Hae
359 3812 451 3862 ratione
472 3814 651 3875 componuntur
666 3812 854 3875 discrepantiae,
873 3812 972 3875 quaein
984 3812 1107 3862 nonnullis
1123 3811 1249 3862 resolutio·

144 3890 222 3941 nibus
243 3891 432 3954 particularibus
452 3891 574 3942 interdum
594 3892 671 3942 sacris
682 3892 909 3954 congregationibus
919 3892 1028 3942 obiectae
1038 3891 1149 3953 sunt,de
1159 3891 1249 3953 quibus

143 3971 239 4032 etiam,
257 3973 284 4020 ut
300 3972 419 4034 vidimus,
437 3972 547 4036 loquitur
562 3973 704 4023 Benedictus
717 3976 779 4022 xtV.
788 3976 825 4022 De
835 3972 931 4036 synodo
942 3972 1049 4022 dicerer.
1063 3973 1105 4021 tia.
1116 3974 1158 4021 vt.
1170 3985 1192 4022 c.
1206 3975 1246 4021 vt.

144 4064 170 4100 a.
182 4056 204 4100 t.
217 4050 265 4100 Uhi
276 4052 385 4100 meminit
395 4053 468 4101 etiarn
480 4053 655 4115 discrepantiae
670 4053 811 4114 opinionum
824 4066 888 4115 quae
898 4066 947 4102 non
963 4053 1036 4102 semel
1053 4053 1116 4101 inter
1131 4053 1250 4102 consulto

144 4143 186 4181 res
201 4131 288 4194 viguit,
302 4134 376 4194 prout
388 4132 448 4181 mihi
466 4133 596 4182 consutio
607 4133 832 4197 quaestionequam
844 4147 968 4184 remamua
979 4133 1005 4182 in
1015 4133 1200 4196 congregatione
1210 4145 1249 4182 su·

144 4222 231 4272 prema
248 4222 281 4258 ss.
295 4210 476 4274 inquisitionis,
489 4223 533 4260 nee
547 4212 680 4274 praevaluit
696 4213 817 4262 contrade
836 4213 965 4272 resolutio,
982 4212 1027 4262 nisi
1040 4212 1113 4275 quia,
1126 4213 1154 4261 ut
1166 4210 1247 4273 innui,

143 4289 224 4349 magis
241 4291 293 4339 erat
313 4290 446 4340 conformis
464 4291 624 4341 communiori
647 4293 705 4341 tunc
723 4292 839 4354 temporis
858 4292 1026 4353 theologomm
1047 4290 1145 4355 placito.
