2804 5062
180 400 1120 456 urrunnnurnnsnarrirtr.scvrucusctrnuarut.
1167 383 1238 457 233

136 522 389 620 congregatione
405 522 563 621 adoptata
575 537 643 610 est,
659 547 748 621 quae
764 522 903 622 insuper
918 522 1032 598 addit:
1049 523 1239 610 «Quamvis

134 654 238 712 unwm
256 637 353 710 nullu
368 640 435 710 sint
452 638 529 710 lucc
549 640 774 723 macricuria,
799 638 988 712 consultum
1009 654 1119 713 tamen
1137 666 1239 738 quam

131 752 276 826 maxime
301 752 366 826 crit
386 753 423 824 in
445 751 581 826 casibus
603 745 860 851 particularibus
879 779 1048 826 recurrere
1064 752 1109 827 ad
1126 753 1240 828 sedem

130 865 369 968 apostolicam,
389 867 550 967 expositis
568 867 725 941 omnibus
747 868 826 941 facti
851 867 1131 957 circumstantiis,
1151 895 1239 969 quae

129 998 206 1057 tunc
230 982 335 1056 modo
361 982 471 1080 magis
494 1000 680 1083 opportune
704 983 784 1058 huic
810 984 856 1057 rei
883 983 1106 1083 providebit.»

196 1097 277 1170 Huc
302 1098 428 1197 pariter
451 1113 578 1200 spectat
602 1099 777 1199 responsio
801 1098 926 1173 emissa
942 1125 963 1173 a
980 1125 1049 1174 sac.
1066 1100 1240 1201 poeniten·

128 1213 226 1288 tiaria
250 1212 309 1287 die
335 1213 393 1285 28.
415 1214 510 1288 Mart.
538 1216 661 1300 1834,
690 1213 744 1288 cui
770 1240 874 1313 quum
899 1216 1072 1314 proposita
1096 1215 1241 1292 fuissent

128 1327 292 1403 nonnulla
309 1327 415 1402 dubia
430 1328 474 1402 ab
489 1330 649 1429 episcopo
666 1329 984 1430 gratianopolitan03
1005 1331 1137 1406 tertium
1159 1332 1240 1408 isto-

130 1469 201 1517 rum
215 1441 399 1518 dubiorum
417 1444 464 1517 ita
482 1470 519 1519 se
536 1444 701 1518 babebat:
726 1446 870 1518 «Utrum
883 1446 1095 1522 matrimonia
1106 1446 1150 1519 ab
1162 1446 1240 1520 bae·

132 1558 243 1633 reticio
272 1560 357 1630 ieter
377 1585 411 1632 cc
430 1558 532 1648 inita,
557 1575 615 1633 aut
637 1585 711 1632 cum
729 1560 896 1633 catholicis
922 1560 1014 1635 iuxta
1037 1560 1128 1636 solas
1148 1559 1239 1660 leges

132 1674 269 1762 ciuiles,
297 1700 360 1748 scu
385 1701 494 1748 corum
517 1677 665 1748 minc'stro
692 1675 848 1748 lcuerctt'co
874 1675 947 1749 sine
972 1677 1162 1776 praesentia
1183 1704 1240 1777 pa·

133 1789 222 1864 rocbi
240 1789 398 1864 catholici
414 1791 529 1864 ualido
547 1793 614 1865 siut
630 1791 665 1863 in
683 1791 817 1879 Galliis,
839 1807 872 1865 at
888 1793 923 1863 c‘u
944 1791 1022 1863 aliis
1038 1792 1235 1890 ropionibus,

133 1901 209 1991 nbi,
238 1903 290 1976 uti
321 1904 357 1976 in
381 1903 521 1994 Galliis,
549 1921 770 2007 protestantes
796 1922 830 1979 et
853 1904 1011 1978 baeretici
1038 1929 1152 1979 omnes
1177 1906 1238 1981 ba-

133 2015 210 2093 bent
231 2045 315 2092 suos
341 2020 534 2110 ministros,
566 2020 709 2121 templa,
734 2047 796 2096 seu
819 2036 943 2095 statum
968 2019 1108 2118 legalem
1134 2046 1154 2094 a
1176 2047 1239 2119 gu-

132 2130 245 2208 bernio
276 2135 492 2234 probatum.»
509 2136 713 2236 Respondit:
738 2134 789 2208 Ad
820 2138 854 2208 3.
874 2135 1058 2234 Nepotiane,
1091 2134 1237 2234 exceptis

133 2249 324 2348 regionibus
337 2251 516 2353 dequibus
542 2252 689 2353 loquitur
700 2251 898 2326 Benedictus
922 2252 1003 2322 xlv.
1029 2249 1064 2322 in
1087 2248 1239 2327 Declara-

133 2366 220 2441 tione
236 2367 296 2441 die
316 2370 349 2440 d.
363 2369 522 2443 Norcmb.
539 2371 663 2458 1741„
680 2386 780 2470 atque
792 2368 835 2442 ad
848 2393 933 2468 quas
950 2393 1010 2468 par
1026 2391 1237 2443 successores

132 2504 207 2556 tues
233 2480 294 2555 illa
320 2482 437 2556 eadem
459 2482 646 2558 Declaratio
671 2499 808 2558 extensa
828 2499 916 2557 est.»

200 2597 276 2669 lam
306 2595 349 2672 ab
374 2601 591 2672 ann01678.
617 2613 718 2673 totam
740 2597 827 2672 banc
852 2598 1036 2673 doctrinam
1061 2597 1238 2698 perspicue

132 2729 353 2812 accurateque
370 2731 588 2815 proposuerat
609 2742 638 2790 s.
656 2714 868 2812 congregatio
886 2712 1018 2788 concilii
1037 2713 1072 2785 in
1088 2713 1234 2800 decreto,

132 2829 235 2928 quod,
258 2828 452 2906 Innocentio
468 2832 525 2904 xl.
547 2858 706 2932 expresse
728 2830 911 2931 probante,
926 2830 1096 2928 vulgavit,
1117 2829 1152 2902 in
1170 2854 1237 2930 quo

133 2944 192 3019 tria
217 2943 306 3020 baec
331 2947 528 3021 edicuntur:
557 2951 592 3019 1.
612 2977 630 3017 a
646 2947 708 3021 Ubi
736 2948 904 3021 decretum
929 2946 1079 3020 eiusdem
1104 2944 1237 3020 concilii

133 3059 269 3156 (trid.)
289 3086 364 3161 cap.
386 3063 412 3133 1.
434 3088 522 3136 sess.
541 3062 653 3134 xxlv.
674 3062 723 3135 De
741 3062 872 3134 reform.
890 3077 987 3135 matr.
1007 3060 1083 3135 Non
1103 3074 1156 3133 est
1174 3083 1238 3156 pu·

131 3171 290 3250 blicatnm
308 3175 344 3248 in
363 3177 539 3277 parochia,
558 3177 671 3253 valere
690 3177 902 3251 matrimonia
920 3189 1089 3251 contracta
1108 3172 1237 3271 absque

130 3289 364 3366 observatione
387 3293 512 3367 formae
534 3321 554 3367 a
579 3294 722 3367 concilio
749 3293 987 3393 praescriptae.
1018 3291 1060 3361 ΙΙ.
1084 3286 1237 3361 Publica-

132 3406 256 3482 tionam
288 3409 457 3505 praesumi
483 3408 541 3481 ubi
567 3408 735 3482 decretum
762 3407 862 3480 suerit
889 3405 1004 3504 aliquo
1029 3419 1177 3502 tempore
1201 3401 1237 3475 in

131 3520 291 3620 parocbia
309 3537 479 3622 tamqnam
497 3523 666 3596 decretum
683 3522 816 3596 concilii
835 3521 1057 3595 observatum.
1075 3519 1133 3590 Ill.
1150 3516 1237 3590 Huc-

129 3638 244 3708 rctt'cos
272 3638 385 3721 ctiam,
416 3636 474 3710 ubi
500 3636 669 3711 decretum
693 3637 773 3709 dicti
800 3635 919 3734 capitis
943 3649 995 3706 est
1015 3632 1233 3733 publicatum,

130 3751 234 3825 wneri
255 3750 355 3824 talem
373 3751 512 3825 sormam
530 3753 729 3840 observare,
754 3768 786 3826 et
807 3765 981 3851 propterea
999 3749 1148 3848 ipsorum
1166 3771 1236 3818 ma-

131 3865 290 3939 trimonia
315 3864 444 3966 ebsque
468 3867 574 3940 forma
599 3867 752 3955 concilii,
780 3866 933 3967 quamvis
960 3890 1070 3938 coram
1085 3861 1237 3936 ministro

129 3979 301 4058 haeretico
333 3982 386 4056 vel
413 3984 611 4082 magistratu
634 3984 699 4060 loci
725 3998 917 4070 contracta,
954 3981 1047 4055 nullu
1077 3995 1107 4054 ct
1141 3980 1237 4053 irrita
1275 4084 1277 4088 μ

127 4122 205 4173 esse
225 4098 341 4193 (49).»

202 4335 254 4399 (ta)
271 4337 300 4387 tn
313 4338 466 4389 Triccttcmt
479 4344 501 4390 8.
513 4340 611 4389 Ianuar.
627 4341 693 4388 tcta.
