2804 5062
136 328 230 400 1111..
327 346 390 399 ιιι.
411 346 448 398 11.
467 344 554 399 scor.
575 343 705 397 mrum.
726 342 767 395 nr
793 341 1053 397 scrutamur.
1081 395 1085 401 ,
1143 368 1165 377 -·

208 468 315 567 Igitur
330 467 389 568 qui
408 465 510 567 priori
528 462 713 538 adhaerent
738 461 887 564 placito,
910 477 1053 537 censent
1073 475 1153 562 post
1172 481 1249 537 mor·

134 599 202 657 tem
213 583 331 659 Bartae
346 580 516 679 legitimae
532 577 667 665 uxoris,
683 604 772 677 quae
783 576 924 677 contigit
939 603 998 651 an.
1011 578 1124 651 1091.
1144 578 1248 674 (111),

136 698 331 800 Philippum
348 697 383 769 in
402 721 496 796 spem
514 695 650 769 uenisse
671 693 966 790 redintegrationis
979 693 1034 769 sui
1053 691 1253 803 matrimonii

136 841 214 891 oum
241 812 400 888 Beruada
434 827 537 911 atque
561 809 627 886 sub
652 808 717 889 hsc
741 806 935 885 conditione
961 835 1001 885 so
1031 809 1254 910 poenitentioe

137 929 325 1006 subiecisse
344 926 388 1000 ad
409 925 631 1001 obtinendam·
649 940 720 999 tum
744 924 1014 1012 absolutionem,
1034 939 1110 998 tum
1128 923 1256 1024 disper

138 1046 302 1121 sationem
327 1070 396 1144 qus
420 1041 576 1141 legitime·
594 1040 731 1143 nuptias
755 1067 834 1116 cum
858 1039 1019 1115 Bertrada
1034 1039 1152 1115 iniret.
1173 1040 1256 1115 lnni·

137 1175 254 1237 tuntur
278 1185 377 1261 porro
402 1159 438 1231 1.
458 1156 612 1256 allegatis
630 1157 745 1232 uerbis
762 1157 876 1232 lvonis
896 1158 932 1230 in
957 1183 1013 1258 ep.
1030 1157 1120 1229 111.
1139 1155 1186 1231 ud
1207 1157 1257 1241 l'u-

139 1275 289 1352 schalam
309 1275 351 1347 ll.
362 1273 470 1375 lisque
483 1274 527 1348 cd
538 1290 680 1349 oestrum
692 1273 1144 1374 disparsctiooemrssactc
1156 1270 1256 1372 ipsius

140 1378 309 1491 Philippi,
340 1389 422 1489 quia
448 1388 516 1462 nisi
542 1388 831 1489 dispensationem
859 1388 1088 1478 obtinuisset,
1116 1387 1257 1488 prolecto

141 1531 246 1582 ausus
269 1503 361 1579 haud
388 1503 509 1579 luisset
528 1531 567 1579 se
588 1505 708 1579 iterum
741 1531 818 1581 oum
847 1503 1007 1579 Bertrada
1027 1503 1254 1603 coniungere,

141 1635 240 1723 prout
265 1618 361 1708 lecit3
379 1619 413 1692 3.
431 1618 549 1693 rationi
568 1645 637 1719 qua
654 1618 756 1694 Fulco
772 1619 904 1720 excepit
922 1617 1123 1720 Philippum
1138 1634 1174 1693 et
1189 1618 1257 1692 ller-

130 1734 272 1817 ¹tradam
290 1759 367 1808 cum
381 1731 600 1831 dndegarum
614 1760 652 1807 se
663 1733 889 1822 contulerunt,
909 1749 1011 1833 prout
1025 1733 1192 1809 omnihus
1209 1732 1257 1807 ho

142 1848 235 1926 noris
253 1875 294 1924 ac
311 1849 516 1924 reverentino
531 1849 640 1948 signis
661 1866 695 1924 et
713 1849 1007 1926 testificationibus
1023 1864 1192 1951 exceptus
1207 1875 1265 1950 ptr<

143 1966 224 2041 riter
243 1981 296 2040 est
312 1990 333 2039 a
349 1964 483 2040 clericis
501 1980 535 2038 et
553 1965 767 2065 proceribus3
790 1967 824 2039 l.
836 1965 981 2066 licoisas
997 1963 1258 2043 denominationi

145 2107 215 2184 qua
243 2080 427 2155 identidem
444 2107 466 2153 a
481 2079 655 2155 veteribus.
677 2079 839 2155 Bertrada
861 2080 989 2156 donata
1005 2080 1096 2169 luit.

218 2193 280 2270 Ast
305 2194 371 2269 hae
397 2220 510 2269 merae
530 2210 611 2270 sunt
635 2195 848 2273 coniecturae
864 2194 973 2271 solido
991 2194 1179 2271 destitutae
1195 2194 1260 2269 lun-

145 2308 314 2384 damento.
336 2307 469 2383 Etenim
495 2313 605 2409 prima
632 2308 789 2385 deiicitur
813 2325 883 2385 tum
915 2337 957 2385 ex
978 2335 1021 2385 eo
1043 2309 1144 2412 quod
1166 2308 1259 2399 verbu

145 2423 220 2499 illu:
240 2424 348 2525 Usque
365 2424 409 2498 cd
425 2440 568 2498 cestram
585 2424 858 2524 dispensationem
874 2425 1035 2501 adiecerit
1049 2427 1112 2501 lvo
1129 2425 1175 2501 de
1190 2450 1256 2510 suo,

147 2541 256 2614 fidens
279 2540 426 2614 futurum
446 2557 484 2613 ut
503 2542 593 2641 Papa
611 2541 846 2641 dispensaret,
868 2542 1066 2643 praesertim
1090 2568 1171 2616 cum
1195 2543 1258 2642 ipse

117 2698 121 2715 ·
148 2681 225 2729 oum
240 2654 358 2753 paucis
372 2654 542 2755 episcopis
557 2681 617 2754 pro
631 2657 737 2753 gratia
750 2656 814 2728 hac
828 2656 1078 2731 intercessisset
1096 2657 1256 2732 scribens:

151 2768 457 2868 «Dispensationis
488 2786 598 2842 autem
631 2770 752 2844 modus
779 2770 861 2843 nulli
891 2798 1041 2871 unquam
1075 2773 1259 2874 sapientum

147 2881 323 2981 displicuit
344 2899 408 2956 etc.
429 2886 659 2980 (1311);1111111
680 2912 719 2960 eo
737 2886 828 2985 quod
847 2886 1021 2961 Paschalis
1043 2888 1090 2960 ll.
1112 2889 1152 2961 in
1167 2889 1257 2989 epist.

149 2998 193 3071 sd
217 2995 491 3098 archiepiscopos
518 3017 551 3073 et
576 3001 753 3102 episcopos
781 3028 987 3090 remensem,
1016 3029 1257 3089 senonensem,

147 3129 182 3187 et
202 3129 417 3187 turonensem
437 3131 514 3216 post
536 3115 678 3203 litteram
706 3118 904 3218 synodalem
933 3118 1202 3217 haugenciecam
1226 3143 1261 3192 ne

147 3227 287 3301 uerbum
308 3229 444 3328 quidem
467 3230 581 3303 lecerit
599 3230 641 3304 de
663 3231 938 3331 dispensatione,
968 3234 1029 3307 sed
1051 3237 1157 3310 unice
1173 3235 1261 3309 insti·

149 3343 226 3416 terit
253 3344 455 3441 separationi
484 3344 694 3419 facienduea
713 3347 870 3448 Philippo
897 3348 1026 3447 absque
1054 3350 1127 3425 ulla
1152 3350 1261 3426 condi·

151 3457 241 3531 tione
257 3460 455 3554 (136);111111
473 3459 620 3560 denique
636 3488 676 3534 ex
694 3489 733 3536 eo
751 3463 841 3561 quod
861 3463 1039 3564 Philippus
1057 3483 1092 3540 et
1108 3465 1260 3540 Bertrada

151 3571 185 3642 in
203 3571 419 3645 iureiurando
437 3575 598 3674 praestito
611 3575 653 3647 ad
668 3574 885 3649 obtinendam
901 3576 1174 3668 absolutionem,
1194 3580 1260 3653 nul·

150 3686 217 3760 lam
243 3688 462 3788 adposuerint
483 3716 624 3790 prorsus
647 3692 883 3765 conditionem.

154 4033 180 4083 ω
223 3957 292 4018 (tat)
305 3959 338 4007 Ut
357 3958 445 4022 legitur
468 3959 494 4009 in
516 3959 645 4010 Cisserusa
661 3962 735 4010 Petri
755 3963 813 4012 Vtut
828 3960 895 4025 apud
910 3961 1059 4013 Daoherlum
1076 3964 1102 4014 in
1116 3964 1257 4030 Sptcttcots,

182 4046 214 4083 m.
231 4036 262 4084 11.
276 4049 301 4098 p.
311 4041 365 4087 718.
956 4045 957 4048 ’

225 4115 291 4175 (131)
307 4115 384 4178 Epist.
395 4117 438 4167 cit.

152 4275 178 4322 to
225 4195 291 4322 (1136)
308 4197 373 4244 linco
395 4196 497 4259 epistola
514 4199 638 4249 Paschalis
660 4201 691 4249 11.
707 4200 795 4265 legitur
818 4202 883 4266 apud
900 4204 1049 4255 Daelrcrium
1068 4205 1096 4257 in
1115 4207 1257 4271 sptctteotc,

180 4276 372 4338 1111111118.
