2804 5062
161 357 202 428 to
398 377 459 428 ιιι.
480 376 514 426 ιι.
536 373 622 424 sacr.
644 373 666 422 ι.
689 372 728 422 na
746 371 871 423 rorasr.
893 368 1017 421 accurs.

155 499 314 594 gistratus
329 495 444 568 civiles
462 509 617 590 urgerent
634 491 718 588 legis
735 490 975 576 executionem,
997 515 1037 562 ea
1054 487 1161 562 altera
1179 516 1252 563 sera

156 629 250 710 parte
274 608 424 709 episcopi
449 623 481 680 et
506 605 666 706 parochi,
696 605 797 677 immo
814 621 846 676 et
863 602 1055 700 religiosae,
1077 620 1116 675 ut
1141 604 1250 690 aiunt,

155 726 379 800 conscientiae
411 722 487 794 laici
519 721 700 794 canonicas
733 720 924 793 sanctiones
947 737 1169 818 opponerent.
1186 719 1255 794 .0b

155 827 369 940 lrequentes,
397 864 484 937 quae
509 835 728 933 insurgebant
752 834 967 908 difficultates
986 835 1110 907 lactum
1136 853 1206 923 est,
1221 853 1256 909 ui

154 956 326 1055 politicum
348 953 494 1050 regimen
511 951 786 1048 dispensationum
801 950 1092 1023 matrimonialium
1108 967 1255 1050 systema

155 1069 400 1169 quinquaginta
425 1093 587 1140 annorum
614 1066 723 1166 spatio
750 1065 876 1164 pluries
906 1066 1082 1138 immutare
1105 1083 1256 1140 coactum

154 1184 254 1257 luerit
280 1186 368 1279 (21).
399 1185 568 1256 Postremo
592 1181 726 1254 demum
744 1181 921 1280 piissimus
939 1180 1092 1254 lustriae
1112 1181 1257 1281 impera·

154 1315 205 1371 tor
231 1299 428 1372 Franciscus
455 1296 619 1396 Iosephus
645 1321 776 1369 omnem
800 1287 865 1369 baa
892 1295 936 1369 de
964 1323 1000 1369 re
1024 1295 1254 1370 difficultatem

154 1412 254 1511 plane
277 1413 415 1487 sustulit
445 1413 480 1483 in
505 1398 723 1485 conuentione
754 1410 842 1483 lacta
865 1435 941 1483 aum
966 1410 1152 1510 apostolica
1176 1413 1256 1486 sede

152 1554 208 1600 an.
230 1530 337 1615 1855,
366 1542 622 1625 reuocatumque
647 1527 710 1598 luit
734 1526 982 1599 matrimonium
1007 1525 1050 1599 ad
1075 1528 1255 1601 canonicas

152 1643 342 1716 sanctiones
359 1668 428 1715 una
444 1667 520 1715 aum
538 1641 651 1714 causis
668 1639 824 1714 omnibus
842 1641 885 1713 ad
906 1639 989 1713 illud
1008 1642 1250 1740 spectantibus,

152 1757 269 1857 sicque
294 1757 416 1830 lactum
438 1772 489 1828 est
506 1771 542 1828 ut
559 1754 738 1854 iosephina
755 1753 1011 1828 matrimonialis
1028 1753 1198 1851 legislatio
1214 1755 1255 1828 de

151 1872 262 1946 medio
287 1871 421 1971 penitus
441 1870 611 1944 tolleretur
638 1873 726 1967 (22).
748 1871 785 1941 ln
804 1868 920 1942 Galliis
937 1870 1085 1970 pariter,
1107 1895 1176 1943 non
1198 1871 1253 1944 ob

151 2005 261 2061 stante
294 1987 405 2085 legum
435 1970 550 2061 codice
575 1987 647 2060 sive
679 1970 884 2084 reipublicae
914 1984 985 2058 sive
1014 1985 1252 2086 napoleoniao,

152 2086 272 2199 agente¹
302 2102 391 2176 clero
423 2101 604 2188 universo,
640 2100 756 2173 fideles
785 2099 941 2196 coniugia
969 2125 1032 2172 sua
1058 2097 1256 2175 contrahere

150 2231 395 2290 consueverunt
426 2216 469 2287 ad
503 2215 739 2288 canonicarum
771 2213 980 2286 sanctionum
1012 2240 1188 2303 normam;
1222 2232 1256 2289 et

151 2330 265 2428 plures
282 2356 323 2403 ex
336 2330 400 2416 iis,
429 2329 487 2429 qui
501 2353 598 2401 secus
613 2354 650 2400 se
667 2326 868 2424 gessissent,
886 2326 1134 2402 defervescente
1146 2330 1255 2428 primo

150 2461 263 2532 aestu,
292 2470 313 2516 a
345 2470 428 2517 rom.
458 2442 609 2542 pontific.
636 2443 856 2525 sanationem,
877 2467 986 2541 vquum
1015 2459 1154 2530 vocam,
1182 2445 1256 2518 ille·

149 2559 341 2654 gitimorum
369 2558 599 2654 coniugiorum
630 2573 741 2656 petere
771 2555 880 2628 enixis
911 2557 1068 2654 precibus
1101 2583 1169 2632 non
1195 2560 1270 2632 nb-·

150 2688 304 2746 ruerunt.

221 2787 276 2860 Sic
302 2812 364 2860 nec
389 2813 537 2885 unquam
556 2788 733 2861 defuerunt
758 2787 846 2861 docti
867 2787 1023 2861 catholici
1046 2788 1252 2888 scriptores,

147 2901 206 3002 qui
224 2901 391 2975 vindicias
413 2917 583 2974 sumerent
603 2900 812 3001 proculcatae
833 2901 985 3001 undique
1006 2901 1255 2978 ecclesiasticae

149 3017 333 3117 potestatis.
362 3016 493 3089 Etenim
515 3032 646 3116 praeter
670 3043 752 3102 eos,
775 3042 860 3116 quos
884 3016 984 3116 paulo
1009 3033 1086 3090 ante
1106 3043 1254 3092 comme-

213 3206 263 3268 (ιι)
280 3206 411 3258 Historiam
421 3205 629 3270 dispensationum
646 3205 714 3255 iunia
729 3204 809 3254 uarias
823 3205 929 3268 epochas
939 3205 1017 3254 texuit
1027 3205 1133 3255 Therma
1143 3206 1255 3257 Duilioar

144 3284 170 3334 lu
185 3299 225 3350 ap.
242 3300 318 3350 germ.
339 3286 525 3351 campanulum
544 3283 577 3336 tia
599 3283 762 3348 mentatione
778 3283 969 3334 matrimonlotl
988 3286 1125 3335 austriaca
1144 3287 1251 3349 lipara.

146 3363 255 3414 Viennae
275 3369 342 3416 tall.
357 3377 411 3429 pag.
431 3368 509 3416 ital.

211 3443 262 3504 (ιι)
279 3444 361 3495 Placet
372 3444 446 3495 verba
457 3445 511 3495 heic
521 3444 656 3496 describere
665 3458 729 3508 quae
738 3458 849 3495 summus
863 3445 972 3507 ponera
987 3445 1045 3495 Pius
1058 3447 1099 3495 lx.
1112 3447 1216 3509 protulit
1226 3448 1251 3497 in

144 3519 292 3572 allocutione
301 3520 385 3572 hahita
397 3522 420 3571 in
432 3523 575 3574 consistoria
587 3526 679 3575 secreto
691 3523 732 3575 die
743 3532 765 3574 ι.
778 3523 896 3575 noveno.
912 3531 978 3574 tais.
989 3537 1053 3587 quae
1064 3525 1113 3574 truc
1122 3528 1250 3588 spectant:

145 3618 157 3641 α
166 3600 218 3648 tam
229 3610 303 3659 vero,
316 3599 411 3662 inquit,
424 3613 509 3650 omnes
519 3602 697 3652 molestantium
706 3614 811 3664 causae,
822 3604 848 3651 et
856 3601 913 3651 iitae
924 3602 1080 3665 praesertim,
1092 3615 1156 3665 quaa
1164 3602 1253 3665 litim,

144 3679 310 3739 ιιοιιιιιιιιιιι,
325 3680 351 3729 et
365 3678 428 3728 sacri
444 3679 574 3730 ministerii
591 3681 644 3730 tura
662 3681 809 3743 respiciunt,
820 3685 895 3745 alque
909 3681 940 3731 ad
956 3681 1073 3731 ecciesiae
1090 3680 1171 3731 iorum
1180 3682 1253 3732 unice

141 3760 264 3822 apertam,
275 3757 307 3807 ab
323 3756 493 3808 ecelesiasticis
505 3758 627 3810 iudicibus
639 3761 713 3808 erunt
728 3758 921 3822 cognoscendam
933 3760 976 3822 qui
992 3759 1024 3809 ali
1039 3772 1164 3809 sacrorum
1178 3773 1250 3810 cano

143 3848 202 3888 num
219 3849 330 3889 normam
347 3839 372 3886 el
382 3835 479 3886 concilii
490 3835 616 3887 tridentini
629 3839 776 3901 praescripta
791 3838 822 3889 de
838 3839 1060 3889 matrimonialibus
1078 3838 1152 3888 etiam
1168 3840 1250 3890 musta

143 3917 288 3967 sententiam
299 3917 388 3978 terent,
402 3915 509 3966 remissis
517 3917 612 3966 tantum
622 3916 653 3967 ad
673 3917 748 3967 laicos
763 3917 856 3968 iudices
868 3919 898 3969 iis
909 3918 995 3980 rebus,
1006 3930 1069 3981 quae
1083 3917 1169 3968 civiles
1179 3918 1250 3969 dum·

144 3996 212 4044 tanat
225 3995 376 4045 matrimonii
390 3995 490 4046 eftectus
501 3996 632 4059 attingunt.
644 3999 723 4061 Atque
736 3998 768 4047 ab
783 3997 868 4049 eadem
879 3998 1043 4048 eccloeiastica
1052 3995 1198 4048 austeritate
1213 3997 1249 4048 ia·

143 4073 233 4124 dictum
249 4088 348 4138 quoque
362 4077 408 4126 erit
419 4075 588 4140 proterendum
607 4075 639 4127 de
653 4077 803 4140 sponsalium
819 4078 960 4140 existentia,
981 4076 1060 4140 deque
1073 4076 1200 4126 eiieabbua
1217 4077 1248 4127 ad

141 4153 323 4204 matrimonium
339 4154 533 4218 impediendum,
551 4156 582 4206 iis
597 4160 677 4206 minen
693 4156 778 4207 aeduin
793 4157 911 4216 servatis,
928 4168 992 4219 quae
1007 4155 1073 4205 idem
1088 4154 1249 4206 tridentinum

141 4231 286 4292 concilium,
297 4235 322 4283 et
336 4235 482 4297 apostalicae
497 4235 575 4286 inlinis
591 4236 764 4287 recordationis
781 4238 818 4289 Pii
833 4239 875 4286 vi.
892 4236 1026 4288 damnaris
1041 4236 1117 4287 nostri
1138 4236 1248 4297 litterae.

142 4325 245 4376 quarum
262 4311 373 4376 initum,
388 4316 527 4366 Auctorem
537 4314 621 4376 fidel,
638 4315 739 4379 provida
753 4317 921 4381 sapienterque
935 4317 1096 4368 constituant.
1105 4336 1117 4357 ι
