<?xml version="1.0" encoding="UTF-8"?>
<!DOCTYPE html PUBLIC "-//W3C//DTD XHTML 1.0 Transitional//EN"
    "http://www.w3.org/TR/xhtml1/DTD/xhtml1-transitional.dtd">
<html xmlns="http://www.w3.org/1999/xhtml" xml:lang="en" lang="en">
 <head>
  <title>
</title>
<meta http-equiv="Content-Type" content="text/html;charset=utf-8" />
  <meta name='ocr-system' content='tesseract 3.04.00' />
  <meta name='ocr-capabilities' content='ocr_page ocr_carea ocr_par ocr_line ocrx_word'/>
</head>
<body>
  <div class='ocr_page' id='page_1' title='image "./dematrimoniochr02perrgoog_0422.png"; bbox 0 0 2804 5062; ppageno 0'>
   <div class='ocr_carea' id='block_1_1' title="bbox 194 360 1257 442">
    <p class='ocr_par' dir='ltr' id='par_1_1' title="bbox 194 360 1257 442">
     <span class='ocr_line' id='line_1_1' title="bbox 194 360 1257 442; baseline -0.001 -4"><span class='ocrx_word' id='word_1_1' title='bbox 194 386 312 438; x_wconf 74' lang='lat' dir='ltr'><strong>crau.</strong></span> <span class='ocrx_word' id='word_1_2' title='bbox 330 382 1143 442; x_wconf 62' lang='lat' dir='ltr'><strong>oanormanno.noctuam.coarmantur.</strong></span> <span class='ocrx_word' id='word_1_3' title='bbox 1179 360 1257 441; x_wconf 80' lang='lat' dir='ltr'><strong>tit·</strong></span> 
     </span>
    </p>
   </div>
   <div class='ocr_carea' id='block_1_2' title="bbox 133 499 1373 1297">
    <p class='ocr_par' dir='ltr' id='par_1_2' title="bbox 155 499 1265 603">
     <span class='ocr_line' id='line_1_2' title="bbox 155 499 1265 603; baseline 0 -26"><span class='ocrx_word' id='word_1_4' title='bbox 155 543 162 556; x_wconf 39' lang='lat' dir='ltr'><strong>-f</strong></span> <span class='ocrx_word' id='word_1_5' title='bbox 208 503 340 582; x_wconf 79' lang='lat' dir='ltr'><strong>Exinde</strong></span> <span class='ocrx_word' id='word_1_6' title='bbox 357 518 391 577; x_wconf 92' lang='lat' dir='ltr'><strong>et</strong></span> <span class='ocrx_word' id='word_1_7' title='bbox 407 502 491 578; x_wconf 93' lang='lat' dir='ltr'><strong>illud</strong></span> <span class='ocrx_word' id='word_1_8' title='bbox 509 503 704 591; x_wconf 79' lang='lat' dir='ltr'><strong>inferimus,</strong></span> <span class='ocrx_word' id='word_1_9' title='bbox 720 501 810 603; x_wconf 93' lang='lat' dir='ltr'><strong>quod</strong></span> <span class='ocrx_word' id='word_1_10' title='bbox 824 511 901 577; x_wconf 83' lang='lat' dir='ltr'><strong>cum</strong></span> <span class='ocrx_word' id='word_1_11' title='bbox 915 517 1063 602; x_wconf 86' lang='lat' dir='ltr'><strong>potestas</strong></span> <span class='ocrx_word' id='word_1_12' title='bbox 1077 499 1265 579; x_wconf 75' lang='lat' dir='ltr'><strong>oelaxandi·</strong></span> 
     </span>
    </p>

    <p class='ocr_par' dir='ltr' id='par_1_3' title="bbox 137 615 1263 719">
     <span class='ocr_line' id='line_1_3' title="bbox 137 615 1263 719; baseline -0.002 -27"><span class='ocrx_word' id='word_1_13' title='bbox 137 618 179 692; x_wconf 85' lang='lat' dir='ltr'><strong>ab</strong></span> <span class='ocrx_word' id='word_1_14' title='bbox 203 617 456 719; x_wconf 81' lang='lat' dir='ltr'><strong>impedimentis</strong></span> <span class='ocrx_word' id='word_1_15' title='bbox 483 617 621 692; x_wconf 83' lang='lat' dir='ltr'><strong>relativa</strong></span> <span class='ocrx_word' id='word_1_16' title='bbox 646 618 691 692; x_wconf 88' lang='lat' dir='ltr'><strong>sit</strong></span> <span class='ocrx_word' id='word_1_17' title='bbox 707 617 751 691; x_wconf 92' lang='lat' dir='ltr'><strong>ad</strong></span> <span class='ocrx_word' id='word_1_18' title='bbox 769 633 966 718; x_wconf 88' lang='lat' dir='ltr'><strong>potestatam</strong></span> <span class='ocrx_word' id='word_1_19' title='bbox 984 616 1101 691; x_wconf 58' lang='lat' dir='ltr'><strong>amem</strong></span> <span class='ocrx_word' id='word_1_20' title='bbox 1122 615 1263 693; x_wconf 47' lang='lat' dir='ltr'><strong>musti?</strong></span> 
     </span>
    </p>

    <p class='ocr_par' dir='ltr' id='par_1_4' title="bbox 136 730 1373 834">
     <span class='ocr_line' id='line_1_4' title="bbox 136 730 1373 834; baseline -0.001 -26"><span class='ocrx_word' id='word_1_21' title='bbox 136 734 274 822; x_wconf 91' lang='lat' dir='ltr'><strong>tuendi,</strong></span> <span class='ocrx_word' id='word_1_22' title='bbox 295 760 418 810; x_wconf 87' lang='lat' dir='ltr'><strong>novum</strong></span> <span class='ocrx_word' id='word_1_23' title='bbox 444 733 545 808; x_wconf 91' lang='lat' dir='ltr'><strong>robur</strong></span> <span class='ocrx_word' id='word_1_24' title='bbox 569 735 705 834; x_wconf 86' lang='lat' dir='ltr'><strong>vimque</strong></span> <span class='ocrx_word' id='word_1_25' title='bbox 730 732 891 809; x_wconf 92' lang='lat' dir='ltr'><strong>maiorem</strong></span> <span class='ocrx_word' id='word_1_26' title='bbox 916 732 1084 833; x_wconf 86' lang='lat' dir='ltr'><strong>accipiant</strong></span> <span class='ocrx_word' id='word_1_27' title='bbox 1100 756 1190 832; x_wconf 86' lang='lat' dir='ltr'><strong>quae</strong></span> <span class='ocrx_word' id='word_1_28' title='bbox 1206 730 1251 807; x_wconf 88' lang='lat' dir='ltr'><strong>de</strong></span> <span class='ocrx_word' id='word_1_29' title='bbox 1372 821 1373 827; x_wconf 8' lang='grc' dir='ltr'>γ</span> 
     </span>
    </p>

    <p class='ocr_par' dir='ltr' id='par_1_5' title="bbox 134 846 1252 947">
     <span class='ocr_line' id='line_1_5' title="bbox 134 846 1252 947; baseline -0.004 -23"><span class='ocrx_word' id='word_1_30' title='bbox 134 849 331 926; x_wconf 73' lang='lat' dir='ltr'><strong>ancwriiate</strong></span> <span class='ocrx_word' id='word_1_31' title='bbox 355 848 462 926; x_wconf 88' lang='lat' dir='ltr'><strong>solius</strong></span> <span class='ocrx_word' id='word_1_32' title='bbox 487 849 650 925; x_wconf 85' lang='lat' dir='ltr'><strong>ecclesiae</strong></span> <span class='ocrx_word' id='word_1_33' title='bbox 667 850 711 925; x_wconf 92' lang='lat' dir='ltr'><strong>ad</strong></span> <span class='ocrx_word' id='word_1_34' title='bbox 727 848 954 925; x_wconf 76' lang='lat' dir='ltr'><strong>exclusionem</strong></span> <span class='ocrx_word' id='word_1_35' title='bbox 972 847 1135 924; x_wconf 86' lang='lat' dir='ltr'><strong>laicorum</strong></span> <span class='ocrx_word' id='word_1_36' title='bbox 1156 846 1252 947; x_wconf 91' lang='lat' dir='ltr'><strong>prin·</strong></span> 
     </span>
    </p>

    <p class='ocr_par' dir='ltr' id='par_1_6' title="bbox 133 960 1264 1066">
     <span class='ocr_line' id='line_1_6' title="bbox 133 960 1264 1066; baseline 0 -27"><span class='ocrx_word' id='word_1_37' title='bbox 133 965 250 1066; x_wconf 88' lang='lat' dir='ltr'><strong>cipum</strong></span> <span class='ocrx_word' id='word_1_38' title='bbox 275 964 312 1038; x_wconf 95' lang='lat' dir='ltr'><strong>in</strong></span> <span class='ocrx_word' id='word_1_39' title='bbox 340 965 574 1065; x_wconf 88' lang='lat' dir='ltr'><strong>superioribus</strong></span> <span class='ocrx_word' id='word_1_40' title='bbox 604 964 756 1040; x_wconf 75' lang='lat' dir='ltr'><strong>articulis</strong></span> <span class='ocrx_word' id='word_1_41' title='bbox 786 965 1034 1065; x_wconf 75' lang='lat' dir='ltr'><strong>disputavimus</strong></span> <span class='ocrx_word' id='word_1_42' title='bbox 1058 963 1094 1039; x_wconf 91' lang='lat' dir='ltr'><strong>in</strong></span> <span class='ocrx_word' id='word_1_43' title='bbox 1117 960 1264 1062; x_wconf 74' lang='lat' dir='ltr'><strong>legibus.</strong></span> 
     </span>
    </p>

    <p class='ocr_par' dir='ltr' id='par_1_7' title="bbox 133 1079 1265 1297">
     <span class='ocr_line' id='line_1_7' title="bbox 133 1079 1265 1157; baseline 0 -3"><span class='ocrx_word' id='word_1_44' title='bbox 133 1080 384 1155; x_wconf 74' lang='lat' dir='ltr'><strong>matrimonium</strong></span> <span class='ocrx_word' id='word_1_45' title='bbox 409 1079 645 1156; x_wconf 85' lang='lat' dir='ltr'><strong>dirimentibus</strong></span> <span class='ocrx_word' id='word_1_46' title='bbox 669 1079 927 1157; x_wconf 70' lang='lat' dir='ltr'><strong>consumendis.</strong></span> <span class='ocrx_word' id='word_1_47' title='bbox 1179 1088 1182 1095; x_wconf 77' lang='grc'><strong>’</strong></span> <span class='ocrx_word' id='word_1_48' title='bbox 1261 1127 1265 1144; x_wconf 85' lang='lat'><em>·</em></span> 
     </span>
     <span class='ocr_line' id='line_1_8' title="bbox 207 1191 1246 1297; baseline -0.004 -27"><span class='ocrx_word' id='word_1_49' title='bbox 207 1194 321 1297; x_wconf 72' lang='lat' dir='ltr'><strong>itque</strong></span> <span class='ocrx_word' id='word_1_50' title='bbox 347 1194 432 1271; x_wconf 87' lang='lat' dir='ltr'><strong>haec</strong></span> <span class='ocrx_word' id='word_1_51' title='bbox 456 1193 500 1271; x_wconf 92' lang='lat' dir='ltr'><strong>de</strong></span> <span class='ocrx_word' id='word_1_52' title='bbox 523 1194 727 1294; x_wconf 79' lang='lat' dir='ltr'><strong>grauissimo</strong></span> <span class='ocrx_word' id='word_1_53' title='bbox 751 1194 817 1270; x_wconf 90' lang='lat' dir='ltr'><strong>hoc</strong></span> <span class='ocrx_word' id='word_1_54' title='bbox 840 1209 1037 1292; x_wconf 68' lang='lat' dir='ltr'><strong>argumento</strong></span> <span class='ocrx_word' id='word_1_55' title='bbox 1063 1191 1246 1272; x_wconf 83' lang='lat' dir='ltr'><strong>sufficiant.</strong></span> 
     </span>
    </p>
   </div>
   <div class='ocr_carea' id='block_1_3' title="bbox 559 1399 833 1457">
    <p class='ocr_par' dir='ltr' id='par_1_8' title="bbox 559 1399 833 1457">
     <span class='ocr_line' id='line_1_9' title="bbox 559 1399 833 1457; baseline -0.004 -1"><span class='ocrx_word' id='word_1_56' title='bbox 559 1399 767 1457; x_wconf 72' lang='lat' dir='ltr'><strong>ruriconis</strong></span> <span class='ocrx_word' id='word_1_57' title='bbox 785 1400 833 1456; x_wconf 81' lang='lat' dir='ltr'><strong>iv,</strong></span> 
     </span>
    </p>
   </div>
   <div class='ocr_carea' id='block_1_4' title="bbox 139 1493 1245 1703">
    <p class='ocr_par' dir='ltr' id='par_1_9' title="bbox 139 1493 1245 1703">
     <span class='ocr_line' id='line_1_10' title="bbox 139 1493 1245 1604; baseline -0.003 -17"><span class='ocrx_word' id='word_1_58' title='bbox 139 1525 254 1588; x_wconf 66' lang='lat' dir='ltr'><strong>&amp;usae</strong></span> <span class='ocrx_word' id='word_1_59' title='bbox 274 1493 503 1588; x_wconf 84' lang='lat' dir='ltr'><strong>matrimoniales</strong></span> <span class='ocrx_word' id='word_1_60' title='bbox 523 1543 599 1604; x_wconf 90' lang='lat' dir='ltr'><strong>qnae</strong></span> <span class='ocrx_word' id='word_1_61' title='bbox 620 1526 770 1588; x_wconf 84' lang='lat' dir='ltr'><strong>vinculum</strong></span> <span class='ocrx_word' id='word_1_62' title='bbox 795 1525 954 1604; x_wconf 84' lang='lat' dir='ltr'><strong>respiciunt</strong></span> <span class='ocrx_word' id='word_1_63' title='bbox 970 1522 1149 1585; x_wconf 68' lang='lat' dir='ltr'><strong>Matrimonii</strong></span> <span class='ocrx_word' id='word_1_64' title='bbox 1167 1521 1245 1584; x_wconf 84' lang='lat' dir='ltr'><strong>chri·</strong></span> 
     </span>
     <span class='ocr_line' id='line_1_11' title="bbox 215 1617 1245 1703; baseline 0 -19"><span class='ocrx_word' id='word_1_65' title='bbox 215 1626 305 1685; x_wconf 86' lang='lat' dir='ltr'><strong>silani</strong></span> <span class='ocrx_word' id='word_1_66' title='bbox 327 1639 477 1703; x_wconf 82' lang='lat' dir='ltr'><strong>perperam</strong></span> <span class='ocrx_word' id='word_1_67' title='bbox 500 1623 580 1684; x_wconf 84' lang='lat' dir='ltr'><strong>cirili</strong></span> <span class='ocrx_word' id='word_1_68' title='bbox 602 1622 826 1684; x_wconf 86' lang='lat' dir='ltr'><strong>christianorum</strong></span> <span class='ocrx_word' id='word_1_69' title='bbox 850 1621 1015 1700; x_wconf 86' lang='lat' dir='ltr'><strong>principum</strong></span> <span class='ocrx_word' id='word_1_70' title='bbox 1043 1619 1108 1682; x_wconf 82' lang='lat' dir='ltr'><strong>loro</strong></span> <span class='ocrx_word' id='word_1_71' title='bbox 1131 1617 1245 1684; x_wconf 73' lang='lat' dir='ltr'><strong>aurud-</strong></span> 
     </span>
    </p>
   </div>
   <div class='ocr_carea' id='block_1_5' title="bbox 212 1725 328 1783">
    <p class='ocr_par' dir='ltr' id='par_1_10' title="bbox 212 1725 328 1783">
     <span class='ocr_line' id='line_1_12' title="bbox 212 1725 328 1783; baseline -0.043 -1"><span class='ocrx_word' id='word_1_72' title='bbox 212 1725 328 1783; x_wconf 71' lang='lat' dir='ltr'><strong>antor.</strong></span> 
     </span>
    </p>
   </div>
   <div class='ocr_carea' id='block_1_6' title="bbox 129 1868 1343 4400">
    <p class='ocr_par' dir='ltr' id='par_1_11' title="bbox 129 1868 1266 2872">
     <span class='ocr_line' id='line_1_13' title="bbox 207 1868 1249 1972; baseline 0.001 -29"><span class='ocrx_word' id='word_1_73' title='bbox 207 1869 383 1972; x_wconf 83' lang='lat' dir='ltr'><strong>Quidquid</strong></span> <span class='ocrx_word' id='word_1_74' title='bbox 409 1871 474 1947; x_wconf 88' lang='lat' dir='ltr'><strong>hac</strong></span> <span class='ocrx_word' id='word_1_75' title='bbox 498 1871 542 1945; x_wconf 91' lang='lat' dir='ltr'><strong>de</strong></span> <span class='ocrx_word' id='word_1_76' title='bbox 567 1897 603 1946; x_wconf 92' lang='lat' dir='ltr'><strong>re</strong></span> <span class='ocrx_word' id='word_1_77' title='bbox 627 1870 677 1945; x_wconf 84' lang='lat' dir='ltr'><strong>De</strong></span> <span class='ocrx_word' id='word_1_78' title='bbox 700 1869 873 1956; x_wconf 83' lang='lat' dir='ltr'><strong>Dominis,</strong></span> <span class='ocrx_word' id='word_1_79' title='bbox 902 1868 1092 1958; x_wconf 68' lang='lat' dir='ltr'><strong>muncia,</strong></span> <span class='ocrx_word' id='word_1_80' title='bbox 1117 1892 1249 1944; x_wconf 86' lang='lat' dir='ltr'><strong>eorum·</strong></span> 
     </span>
     <span class='ocr_line' id='line_1_14' title="bbox 131 1982 1263 2089; baseline 0 -28"><span class='ocrx_word' id='word_1_81' title='bbox 131 2011 202 2089; x_wconf 89' lang='lat' dir='ltr'><strong>qne</strong></span> <span class='ocrx_word' id='word_1_82' title='bbox 217 1987 442 2088; x_wconf 86' lang='lat' dir='ltr'><strong>exscriptores</strong></span> <span class='ocrx_word' id='word_1_83' title='bbox 459 1988 613 2076; x_wconf 78' lang='lat' dir='ltr'><strong>Nostius,</strong></span> <span class='ocrx_word' id='word_1_84' title='bbox 633 1985 878 2079; x_wconf 67' lang='lat' dir='ltr'><strong>tamboanus,</strong></span> <span class='ocrx_word' id='word_1_85' title='bbox 900 1984 985 2060; x_wconf 81' lang='lat' dir='ltr'><strong>litte</strong></span> <span class='ocrx_word' id='word_1_86' title='bbox 1003 1983 1183 2085; x_wconf 86' lang='lat' dir='ltr'><strong>protulere,</strong></span> <span class='ocrx_word' id='word_1_87' title='bbox 1197 1982 1263 2061; x_wconf 87' lang='lat' dir='ltr'><strong>lo.·</strong></span> 
     </span>
     <span class='ocr_line' id='line_1_15' title="bbox 132 2101 1252 2205; baseline -0.003 -27"><span class='ocrx_word' id='word_1_88' title='bbox 132 2104 392 2205; x_wconf 73' lang='lat' dir='ltr'><strong>Nepomucenus</strong></span> <span class='ocrx_word' id='word_1_89' title='bbox 423 2105 531 2205; x_wconf 83' lang='lat' dir='ltr'><strong>Nuytz</strong></span> <span class='ocrx_word' id='word_1_90' title='bbox 557 2103 592 2175; x_wconf 92' lang='lat' dir='ltr'><strong>in</strong></span> <span class='ocrx_word' id='word_1_91' title='bbox 622 2103 858 2203; x_wconf 82' lang='lat' dir='ltr'><strong>compendium</strong></span> <span class='ocrx_word' id='word_1_92' title='bbox 890 2101 1030 2200; x_wconf 78' lang='lat' dir='ltr'><strong>redegit.</strong></span> <span class='ocrx_word' id='word_1_93' title='bbox 1051 2101 1115 2176; x_wconf 84' lang='lat' dir='ltr'><strong>Hic</strong></span> <span class='ocrx_word' id='word_1_94' title='bbox 1136 2115 1252 2187; x_wconf 81' lang='lat' dir='ltr'><strong>auctor</strong></span> 
     </span>
     <span class='ocr_line' id='line_1_16' title="bbox 130 2215 1252 2320; baseline -0.004 -26"><span class='ocrx_word' id='word_1_95' title='bbox 130 2218 193 2320; x_wconf 92' lang='lat' dir='ltr'><strong>qui</strong></span> <span class='ocrx_word' id='word_1_96' title='bbox 211 2244 252 2293; x_wconf 88' lang='lat' dir='ltr'><strong>ae</strong></span> <span class='ocrx_word' id='word_1_97' title='bbox 267 2217 472 2294; x_wconf 87' lang='lat' dir='ltr'><strong>catholicum</strong></span> <span class='ocrx_word' id='word_1_98' title='bbox 491 2218 682 2319; x_wconf 83' lang='lat' dir='ltr'><strong>profitetur,</strong></span> <span class='ocrx_word' id='word_1_99' title='bbox 703 2233 880 2319; x_wconf 85' lang='lat' dir='ltr'><strong>postquam</strong></span> <span class='ocrx_word' id='word_1_100' title='bbox 899 2217 979 2292; x_wconf 88' lang='lat' dir='ltr'><strong>Pius</strong></span> <span class='ocrx_word' id='word_1_101' title='bbox 997 2217 1054 2290; x_wconf 81' lang='lat' dir='ltr'><strong>lx.</strong></span> <span class='ocrx_word' id='word_1_102' title='bbox 1075 2217 1149 2292; x_wconf 89' lang='lat' dir='ltr'><strong>eius</strong></span> <span class='ocrx_word' id='word_1_103' title='bbox 1167 2215 1252 2301; x_wconf 56' lang='lat' dir='ltr'><strong>seris</strong></span> 
     </span>
     <span class='ocr_line' id='line_1_17' title="bbox 129 2331 1250 2436; baseline -0.002 -30"><span class='ocrx_word' id='word_1_104' title='bbox 129 2349 192 2436; x_wconf 86' lang='lat' dir='ltr'><strong>pta</strong></span> <span class='ocrx_word' id='word_1_105' title='bbox 202 2333 395 2422; x_wconf 85' lang='lat' dir='ltr'><strong>damnavit,</strong></span> <span class='ocrx_word' id='word_1_106' title='bbox 412 2359 499 2409; x_wconf 82' lang='lat' dir='ltr'><strong>novo</strong></span> <span class='ocrx_word' id='word_1_107' title='bbox 512 2360 614 2434; x_wconf 91' lang='lat' dir='ltr'><strong>opere</strong></span> <span class='ocrx_word' id='word_1_108' title='bbox 626 2333 738 2422; x_wconf 88' lang='lat' dir='ltr'><strong>edito,</strong></span> <span class='ocrx_word' id='word_1_109' title='bbox 753 2359 794 2408; x_wconf 89' lang='lat' dir='ltr'><strong>ac</strong></span> <span class='ocrx_word' id='word_1_110' title='bbox 806 2331 908 2407; x_wconf 82' lang='lat' dir='ltr'><strong>veluti</strong></span> <span class='ocrx_word' id='word_1_111' title='bbox 923 2331 1148 2433; x_wconf 85' lang='lat' dir='ltr'><strong>appellatione</strong></span> <span class='ocrx_word' id='word_1_112' title='bbox 1161 2331 1250 2420; x_wconf 81' lang='lat' dir='ltr'><strong>lacta</strong></span> 
     </span>
     <span class='ocr_line' id='line_1_18' title="bbox 129 2445 1250 2546; baseline -0.003 -23"><span class='ocrx_word' id='word_1_113' title='bbox 129 2448 176 2523; x_wconf 89' lang='lat' dir='ltr'><strong>ad</strong></span> <span class='ocrx_word' id='word_1_114' title='bbox 203 2449 361 2524; x_wconf 84' lang='lat' dir='ltr'><strong>concives</strong></span> <span class='ocrx_word' id='word_1_115' title='bbox 378 2474 459 2524; x_wconf 86' lang='lat' dir='ltr'><strong>euos</strong></span> <span class='ocrx_word' id='word_1_116' title='bbox 477 2447 655 2523; x_wconf 88' lang='lat' dir='ltr'><strong>damnatas</strong></span> <span class='ocrx_word' id='word_1_117' title='bbox 672 2447 846 2523; x_wconf 90' lang='lat' dir='ltr'><strong>doctrinas</strong></span> <span class='ocrx_word' id='word_1_118' title='bbox 863 2447 1057 2535; x_wconf 85' lang='lat' dir='ltr'><strong>adstruere,</strong></span> <span class='ocrx_word' id='word_1_119' title='bbox 1077 2471 1118 2521; x_wconf 87' lang='lat' dir='ltr'><strong>ac</strong></span> <span class='ocrx_word' id='word_1_120' title='bbox 1136 2445 1250 2546; x_wconf 87' lang='lat' dir='ltr'><strong>ipsum</strong></span> 
     </span>
     <span class='ocr_line' id='line_1_19' title="bbox 132 2558 1252 2664; baseline -0.001 -26"><span class='ocrx_word' id='word_1_121' title='bbox 132 2589 219 2638; x_wconf 91' lang='lat' dir='ltr'><strong>rom.</strong></span> <span class='ocrx_word' id='word_1_122' title='bbox 240 2561 433 2664; x_wconf 85' lang='lat' dir='ltr'><strong>pontificem</strong></span> <span class='ocrx_word' id='word_1_123' title='bbox 451 2562 573 2638; x_wconf 89' lang='lat' dir='ltr'><strong>docere</strong></span> <span class='ocrx_word' id='word_1_124' title='bbox 587 2560 789 2638; x_wconf 86' lang='lat' dir='ltr'><strong>catholicam</strong></span> <span class='ocrx_word' id='word_1_125' title='bbox 807 2561 979 2638; x_wconf 79' lang='lat' dir='ltr'><strong>veritatem</strong></span> <span class='ocrx_word' id='word_1_126' title='bbox 998 2586 1103 2637; x_wconf 90' lang='lat' dir='ltr'><strong>ausus</strong></span> <span class='ocrx_word' id='word_1_127' title='bbox 1121 2577 1184 2640; x_wconf 83' lang='lat' dir='ltr'><strong>est.</strong></span> <span class='ocrx_word' id='word_1_128' title='bbox 1201 2558 1252 2637; x_wconf 81' lang='lat' dir='ltr'><strong>iia</strong></span> 
     </span>
     <span class='ocr_line' id='line_1_20' title="bbox 130 2675 1266 2781; baseline -0.001 -27"><span class='ocrx_word' id='word_1_129' title='bbox 130 2678 250 2754; x_wconf 88' lang='lat' dir='ltr'><strong>omnia</strong></span> <span class='ocrx_word' id='word_1_130' title='bbox 272 2703 362 2780; x_wconf 89' lang='lat' dir='ltr'><strong>quae</strong></span> <span class='ocrx_word' id='word_1_131' title='bbox 386 2677 431 2752; x_wconf 94' lang='lat' dir='ltr'><strong>ad</strong></span> <span class='ocrx_word' id='word_1_132' title='bbox 455 2677 689 2781; x_wconf 88' lang='lat' dir='ltr'><strong>quaestionem</strong></span> <span class='ocrx_word' id='word_1_133' title='bbox 722 2693 933 2778; x_wconf 86' lang='lat' dir='ltr'><strong>praesentem</strong></span> <span class='ocrx_word' id='word_1_134' title='bbox 959 2677 1087 2754; x_wconf 83' lang='lat' dir='ltr'><strong>iaciunt</strong></span> <span class='ocrx_word' id='word_1_135' title='bbox 1109 2675 1266 2763; x_wconf 75' lang='lat' dir='ltr'><strong>uerbum,</strong></span> 
     </span>
     <span class='ocr_line' id='line_1_21' title="bbox 129 2795 645 2872; baseline -0.004 -1"><span class='ocrx_word' id='word_1_136' title='bbox 129 2795 236 2872; x_wconf 78' lang='lat' dir='ltr'><strong>verbo</strong></span> <span class='ocrx_word' id='word_1_137' title='bbox 260 2795 440 2871; x_wconf 85' lang='lat' dir='ltr'><strong>reddentes</strong></span> <span class='ocrx_word' id='word_1_138' title='bbox 463 2812 645 2870; x_wconf 72' lang='lat' dir='ltr'><strong>tenemus.</strong></span> 
     </span>
    </p>

    <p class='ocr_par' dir='ltr' id='par_1_12' title="bbox 132 2906 1262 3126">
     <span class='ocr_line' id='line_1_22' title="bbox 204 2906 1262 3010; baseline -0.003 -24"><span class='ocrx_word' id='word_1_139' title='bbox 204 2909 330 2986; x_wconf 76' lang='lat' dir='ltr'><strong>anem</strong></span> <span class='ocrx_word' id='word_1_140' title='bbox 362 2909 628 2985; x_wconf 87' lang='lat' dir='ltr'><strong>matrimoniales</strong></span> <span class='ocrx_word' id='word_1_141' title='bbox 660 2935 784 2985; x_wconf 87' lang='lat' dir='ltr'><strong>causas</strong></span> <span class='ocrx_word' id='word_1_142' title='bbox 809 2935 850 2985; x_wconf 90' lang='lat' dir='ltr'><strong>ac</strong></span> <span class='ocrx_word' id='word_1_143' title='bbox 873 2906 1086 3010; x_wconf 84' lang='lat' dir='ltr'><strong>sponsalium</strong></span> <span class='ocrx_word' id='word_1_144' title='bbox 1117 2925 1262 3009; x_wconf 81' lang='lat' dir='ltr'><strong>paetum</strong></span> 
     </span>
     <span class='ocr_line' id='line_1_23' title="bbox 132 3023 874 3126; baseline -0.003 -27"><span class='ocrx_word' id='word_1_145' title='bbox 132 3041 343 3102; x_wconf 73' lang='lat' dir='ltr'><strong>nemausus</strong></span> <span class='ocrx_word' id='word_1_146' title='bbox 368 3024 412 3101; x_wconf 91' lang='lat' dir='ltr'><strong>ad</strong></span> <span class='ocrx_word' id='word_1_147' title='bbox 438 3024 547 3100; x_wconf 87' lang='lat' dir='ltr'><strong>lorum</strong></span> <span class='ocrx_word' id='word_1_148' title='bbox 572 3023 672 3100; x_wconf 87' lang='lat' dir='ltr'><strong>ciuile</strong></span> <span class='ocrx_word' id='word_1_149' title='bbox 697 3025 874 3126; x_wconf 84' lang='lat' dir='ltr'><strong>pertinere.</strong></span> 
     </span>
    </p>

    <p class='ocr_par' dir='ltr' id='par_1_13' title="bbox 130 3137 1343 3701">
     <span class='ocr_line' id='line_1_24' title="bbox 205 3137 1252 3242; baseline 0 -27"><span class='ocrx_word' id='word_1_150' title='bbox 205 3139 468 3216; x_wconf 86' lang='lat' dir='ltr'><strong>llatrimoniales</strong></span> <span class='ocrx_word' id='word_1_151' title='bbox 484 3167 545 3216; x_wconf 92' lang='lat' dir='ltr'><strong>eae</strong></span> <span class='ocrx_word' id='word_1_152' title='bbox 561 3166 686 3215; x_wconf 70' lang='lat' dir='ltr'><strong>musae</strong></span> <span class='ocrx_word' id='word_1_153' title='bbox 702 3139 873 3227; x_wconf 91' lang='lat' dir='ltr'><strong>dicuntur,</strong></span> <span class='ocrx_word' id='word_1_154' title='bbox 890 3139 925 3213; x_wconf 93' lang='lat' dir='ltr'><strong>in</strong></span> <span class='ocrx_word' id='word_1_155' title='bbox 943 3137 1069 3242; x_wconf 91' lang='lat' dir='ltr'><strong>quibus</strong></span> <span class='ocrx_word' id='word_1_156' title='bbox 1081 3140 1117 3212; x_wconf 91' lang='lat' dir='ltr'><strong>in</strong></span> <span class='ocrx_word' id='word_1_157' title='bbox 1130 3138 1252 3240; x_wconf 83' lang='lat' dir='ltr'><strong>dispu-</strong></span> 
     </span>
     <span class='ocr_line' id='line_1_25' title="bbox 133 3253 1251 3353; baseline -0.004 -22"><span class='ocrx_word' id='word_1_158' title='bbox 133 3256 297 3332; x_wconf 88' lang='lat' dir='ltr'><strong>tationem</strong></span> <span class='ocrx_word' id='word_1_159' title='bbox 331 3255 426 3331; x_wconf 80' lang='lat' dir='ltr'><strong>renit</strong></span> <span class='ocrx_word' id='word_1_160' title='bbox 447 3255 501 3330; x_wconf 79' lang='lat' dir='ltr'><strong>rel</strong></span> <span class='ocrx_word' id='word_1_161' title='bbox 530 3254 733 3330; x_wconf 88' lang='lat' dir='ltr'><strong>matrimonii</strong></span> <span class='ocrx_word' id='word_1_162' title='bbox 768 3253 957 3344; x_wconf 75' lang='lat' dir='ltr'><strong>validitas,</strong></span> <span class='ocrx_word' id='word_1_163' title='bbox 988 3254 1042 3330; x_wconf 84' lang='lat' dir='ltr'><strong>vel</strong></span> <span class='ocrx_word' id='word_1_164' title='bbox 1070 3254 1251 3353; x_wconf 77' lang='lat' dir='ltr'><strong>coniugam</strong></span> 
     </span>
     <span class='ocr_line' id='line_1_26' title="bbox 130 3369 1252 3474; baseline 0.001 -28"><span class='ocrx_word' id='word_1_165' title='bbox 130 3370 304 3474; x_wconf 51' lang='lat' dir='ltr'><strong>sapam&amp;</strong></span> <span class='ocrx_word' id='word_1_166' title='bbox 328 3387 399 3445; x_wconf 91' lang='lat' dir='ltr'><strong>tum</strong></span> <span class='ocrx_word' id='word_1_167' title='bbox 425 3370 529 3446; x_wconf 87' lang='lat' dir='ltr'><strong>relata</strong></span> <span class='ocrx_word' id='word_1_168' title='bbox 553 3372 597 3446; x_wconf 91' lang='lat' dir='ltr'><strong>ad</strong></span> <span class='ocrx_word' id='word_1_169' title='bbox 622 3369 817 3446; x_wconf 88' lang='lat' dir='ltr'><strong>distinctam</strong></span> <span class='ocrx_word' id='word_1_170' title='bbox 834 3369 1046 3446; x_wconf 87' lang='lat' dir='ltr'><strong>solummodo</strong></span> <span class='ocrx_word' id='word_1_171' title='bbox 1071 3369 1252 3450; x_wconf 87' lang='lat' dir='ltr'><strong>habitatio·</strong></span> 
     </span>
     <span class='ocr_line' id='line_1_27' title="bbox 131 3481 1343 3575; baseline 0.002 -12"><span class='ocrx_word' id='word_1_172' title='bbox 131 3513 232 3575; x_wconf 86' lang='lat' dir='ltr'><strong>nem,</strong></span> <span class='ocrx_word' id='word_1_173' title='bbox 261 3503 332 3574; x_wconf 87' lang='lat' dir='ltr'><strong>tum</strong></span> <span class='ocrx_word' id='word_1_174' title='bbox 349 3486 455 3563; x_wconf 91' lang='lat' dir='ltr'><strong>relate</strong></span> <span class='ocrx_word' id='word_1_175' title='bbox 470 3487 515 3563; x_wconf 91' lang='lat' dir='ltr'><strong>ad</strong></span> <span class='ocrx_word' id='word_1_176' title='bbox 531 3486 732 3563; x_wconf 88' lang='lat' dir='ltr'><strong>solutionem</strong></span> <span class='ocrx_word' id='word_1_177' title='bbox 749 3486 876 3567; x_wconf 70' lang='lat' dir='ltr'><strong>ennii</strong></span> <span class='ocrx_word' id='word_1_178' title='bbox 893 3512 970 3562; x_wconf 92' lang='lat' dir='ltr'><strong>cum</strong></span> <span class='ocrx_word' id='word_1_179' title='bbox 988 3487 1146 3564; x_wconf 75' lang='lat' dir='ltr'><strong>facultate</strong></span> <span class='ocrx_word' id='word_1_180' title='bbox 1170 3486 1266 3565; x_wconf 68' lang='lat' dir='ltr'><strong>nori⁴</strong></span> <span class='ocrx_word' id='word_1_181' title='bbox 1337 3481 1343 3490; x_wconf 70' lang='grc'>’</span> 
     </span>
     <span class='ocr_line' id='line_1_28' title="bbox 131 3600 1265 3701; baseline 0.007 -28"><span class='ocrx_word' id='word_1_182' title='bbox 131 3600 274 3676; x_wconf 87' lang='lat' dir='ltr'><strong>ineundi</strong></span> <span class='ocrx_word' id='word_1_183' title='bbox 299 3602 460 3701; x_wconf 78' lang='lat' dir='ltr'><strong>coniugii.</strong></span> <span class='ocrx_word' id='word_1_184' title='bbox 1263 3675 1265 3681; x_wconf 27' lang='lat' dir='ltr'><strong><em>s</em></strong></span> 
     </span>
    </p>

    <p class='ocr_par' dir='ltr' id='par_1_14' title="bbox 130 3715 1253 4167">
     <span class='ocr_line' id='line_1_29' title="bbox 208 3715 1251 3819; baseline 0 -28"><span class='ocrx_word' id='word_1_185' title='bbox 208 3715 253 3792; x_wconf 81' lang='lat' dir='ltr'><strong>lli</strong></span> <span class='ocrx_word' id='word_1_186' title='bbox 275 3716 431 3817; x_wconf 86' lang='lat' dir='ltr'><strong>quaestio</strong></span> <span class='ocrx_word' id='word_1_187' title='bbox 454 3715 633 3791; x_wconf 89' lang='lat' dir='ltr'><strong>dirimatur</strong></span> <span class='ocrx_word' id='word_1_188' title='bbox 656 3717 701 3792; x_wconf 91' lang='lat' dir='ltr'><strong>ad</strong></span> <span class='ocrx_word' id='word_1_189' title='bbox 726 3716 898 3819; x_wconf 89' lang='lat' dir='ltr'><strong>quodnam</strong></span> <span class='ocrx_word' id='word_1_190' title='bbox 924 3717 1031 3793; x_wconf 83' lang='lat' dir='ltr'><strong>lorum</strong></span> <span class='ocrx_word' id='word_1_191' title='bbox 1054 3715 1251 3792; x_wconf 88' lang='lat' dir='ltr'><strong>huiusmodi</strong></span> 
     </span>
     <span class='ocr_line' id='line_1_30' title="bbox 130 3833 1251 3932; baseline -0.001 -23"><span class='ocrx_word' id='word_1_192' title='bbox 130 3857 259 3909; x_wconf 79' lang='lat' dir='ltr'><strong>causae</strong></span> <span class='ocrx_word' id='word_1_193' title='bbox 293 3833 507 3932; x_wconf 88' lang='lat' dir='ltr'><strong>pertineant,</strong></span> <span class='ocrx_word' id='word_1_194' title='bbox 544 3834 629 3908; x_wconf 88' lang='lat' dir='ltr'><strong>eatis</strong></span> <span class='ocrx_word' id='word_1_195' title='bbox 663 3850 716 3909; x_wconf 85' lang='lat' dir='ltr'><strong>est</strong></span> <span class='ocrx_word' id='word_1_196' title='bbox 743 3834 833 3910; x_wconf 89' lang='lat' dir='ltr'><strong>hanc</strong></span> <span class='ocrx_word' id='word_1_197' title='bbox 858 3834 991 3909; x_wconf 90' lang='lat' dir='ltr'><strong>illarum</strong></span> <span class='ocrx_word' id='word_1_198' title='bbox 1020 3834 1251 3910; x_wconf 82' lang='lat' dir='ltr'><strong>definitionem</strong></span> 
     </span>
     <span class='ocr_line' id='line_1_31' title="bbox 131 3947 1253 4050; baseline 0.008 -30"><span class='ocrx_word' id='word_1_199' title='bbox 131 3948 315 4049; x_wconf 85' lang='lat' dir='ltr'><strong>inspicere.</strong></span> <span class='ocrx_word' id='word_1_200' title='bbox 335 3947 386 4022; x_wconf 73' lang='lat' dir='ltr'><strong>lla</strong></span> <span class='ocrx_word' id='word_1_201' title='bbox 411 3947 490 4023; x_wconf 88' lang='lat' dir='ltr'><strong>data</strong></span> <span class='ocrx_word' id='word_1_202' title='bbox 515 3949 712 4026; x_wconf 88' lang='lat' dir='ltr'><strong>definitione</strong></span> <span class='ocrx_word' id='word_1_203' title='bbox 738 3966 829 4050; x_wconf 91' lang='lat' dir='ltr'><strong>patet</strong></span> <span class='ocrx_word' id='word_1_204' title='bbox 854 3977 920 4026; x_wconf 91' lang='lat' dir='ltr'><strong>non</strong></span> <span class='ocrx_word' id='word_1_205' title='bbox 937 3952 994 4050; x_wconf 80' lang='lat' dir='ltr'><strong>agi</strong></span> <span class='ocrx_word' id='word_1_206' title='bbox 1011 3951 1046 4026; x_wconf 91' lang='lat' dir='ltr'><strong>in</strong></span> <span class='ocrx_word' id='word_1_207' title='bbox 1064 3951 1120 4026; x_wconf 87' lang='lat' dir='ltr'><strong>his</strong></span> <span class='ocrx_word' id='word_1_208' title='bbox 1136 3950 1253 4029; x_wconf 81' lang='lat' dir='ltr'><strong>causis</strong></span> 
     </span>
     <span class='ocr_line' id='line_1_32' title="bbox 131 4063 848 4167; baseline 0.001 -29"><span class='ocrx_word' id='word_1_209' title='bbox 131 4063 200 4139; x_wconf 82' lang='lat' dir='ltr'><strong>nisi</strong></span> <span class='ocrx_word' id='word_1_210' title='bbox 226 4064 271 4139; x_wconf 91' lang='lat' dir='ltr'><strong>de</strong></span> <span class='ocrx_word' id='word_1_211' title='bbox 295 4081 466 4140; x_wconf 69' lang='lat' dir='ltr'><strong>conuecta</strong></span> <span class='ocrx_word' id='word_1_212' title='bbox 490 4065 632 4167; x_wconf 87' lang='lat' dir='ltr'><strong>eiusque</strong></span> <span class='ocrx_word' id='word_1_213' title='bbox 657 4067 848 4143; x_wconf 78' lang='lat' dir='ltr'><strong>effectibus.</strong></span> 
     </span>
    </p>

    <p class='ocr_par' dir='ltr' id='par_1_15' title="bbox 130 4177 1253 4400">
     <span class='ocr_line' id='line_1_33' title="bbox 204 4177 1253 4284; baseline 0.007 -35"><span class='ocrx_word' id='word_1_214' title='bbox 204 4177 243 4250; x_wconf 85' lang='lat' dir='ltr'><strong>Si</strong></span> <span class='ocrx_word' id='word_1_215' title='bbox 260 4195 476 4279; x_wconf 80' lang='lat' dir='ltr'><strong>oppugnatur</strong></span> <span class='ocrx_word' id='word_1_216' title='bbox 492 4180 685 4279; x_wconf 79' lang='lat' dir='ltr'><strong>coniugium</strong></span> <span class='ocrx_word' id='word_1_217' title='bbox 699 4198 737 4255; x_wconf 90' lang='lat' dir='ltr'><strong>ut</strong></span> <span class='ocrx_word' id='word_1_218' title='bbox 748 4181 892 4271; x_wconf 85' lang='lat' dir='ltr'><strong>nullum,</strong></span> <span class='ocrx_word' id='word_1_219' title='bbox 908 4184 939 4258; x_wconf 90' lang='lat' dir='ltr'><strong>ei</strong></span> <span class='ocrx_word' id='word_1_220' title='bbox 954 4184 1136 4284; x_wconf 91' lang='lat' dir='ltr'><strong>opponitur</strong></span> <span class='ocrx_word' id='word_1_221' title='bbox 1149 4183 1253 4284; x_wconf 76' lang='lat' dir='ltr'><strong>impe</strong></span> 
     </span>
     <span class='ocr_line' id='line_1_34' title="bbox 130 4295 1253 4400; baseline 0.008 -32"><span class='ocrx_word' id='word_1_222' title='bbox 130 4295 323 4370; x_wconf 89' lang='lat' dir='ltr'><strong>dimentum</strong></span> <span class='ocrx_word' id='word_1_223' title='bbox 340 4295 519 4383; x_wconf 88' lang='lat' dir='ltr'><strong>dirimens,</strong></span> <span class='ocrx_word' id='word_1_224' title='bbox 536 4297 627 4397; x_wconf 93' lang='lat' dir='ltr'><strong>quod</strong></span> <span class='ocrx_word' id='word_1_225' title='bbox 646 4297 797 4374; x_wconf 81' lang='lat' dir='ltr'><strong>exbiberi</strong></span> <span class='ocrx_word' id='word_1_226' title='bbox 815 4299 933 4400; x_wconf 90' lang='lat' dir='ltr'><strong>nequit</strong></span> <span class='ocrx_word' id='word_1_227' title='bbox 949 4300 1016 4376; x_wconf 88' lang='lat' dir='ltr'><strong>nisi</strong></span> <span class='ocrx_word' id='word_1_228' title='bbox 1032 4300 1253 4378; x_wconf 84' lang='lat' dir='ltr'><strong>constitutum</strong></span> 
     </span>
    </p>
   </div>
   <div class='ocr_carea' id='block_1_7' title="bbox 0 0 1408 5062">
    <p class='ocr_par' dir='ltr' id='par_1_16' title="bbox 0 0 1408 5062">
     <span class='ocr_line' id='line_1_35' title="bbox 0 0 1408 5062; baseline 0 0"><span class='ocrx_word' id='word_1_229' title='bbox 0 0 1408 5062; x_wconf 95' lang='lat' dir='ltr'><strong> </strong></span> 
     </span>
    </p>
   </div>
  </div>
 </body>
</html>
