2804 5062
225 397 286 446 cir.
300 396 334 446 ii.
347 396 385 445 it!
400 396 488 447 dccl..
500 396 623 447 101181.
635 396 743 449 11οΝ81.
755 399 821 448 il?-
832 401 926 450 ussit.
939 401 1002 451 itiit.
1015 404 1085 454 int.
1094 404 1142 456 111.
1196 387 1240 458 65

166 513 226 586 riter
253 513 427 612 respondit
451 513 635 588 Lutherus:
667 514 771 589 41144
795 515 863 588 dixi
889 518 999 617 quoad
1032 540 1241 623 praeceptum

161 626 225 713 Dei,
243 630 300 728 qui
325 628 376 701 sio
401 628 582 715 ordinarit,
611 628 687 703 lieet
712 655 800 730 pape
823 631 914 707 aliud
939 633 1070 708 ordinet
1081 638 1240 732 (81).»Si

159 743 249 839 igitur
263 743 400 817 Lutheri
418 744 597 817 Lutherum
614 745 835 820 adhibeamus
855 747 1086 847 interpretem,
1106 751 1242 834 evidens

156 875 200 932 est
210 860 321 959 ipsum
336 885 398 958 per
412 860 495 957 tepeo
508 861 679 946 humanos,
696 888 756 934 seu
769 863 852 959 iopes
866 863 1027 937 homiuum
1042 866 1244 943 intellexisse

153 974 234 1072 teges
259 974 510 1048 ecclesiastices
536 1003 595 1050 sen
620 977 820 1075 pontificias.

217 1091 254 1160 3.
273 1089 416 1160 Domum
441 1114 515 1162 oum
534 1090 685 1164 Fseuitss
708 1092 905 1189 parisiensis
928 1094 1013 1168 dues
1036 1097 1098 1170 hus
1123 1123 1244 1199 propo-

151 1204 305 1291 sitiones,
324 1228 413 1301 quse
430 1202 594 1276 habentur
610 1231 700 1277 num.
715 1207 772 1276 it.
789 1223 821 1279 et
834 1209 892 1279 itt.
905 1208 1170 1283 Cooiuoetiooiri
1179 1227 1238 1285 444.

151 1335 180 1390 44
190 1319 313 1391 Debent
323 1318 503 1391 sacerdotes
516 1335 574 1392 eie.
589 1336 686 1418 prout
698 1346 803 1420 nuper
818 1322 1009 1411 retulimus,
1024 1326 1245 1426 excerpsisset

149 1459 182 1505 ex
206 1433 267 1506 tib.
296 1435 347 1506 De
378 1436 498 1534 ooptio.
525 1435 691 1534 babylon,
721 1436 796 1511 illes
821 1438 884 1511 huo
915 1465 1055 1512 censure
1087 1442 1239 1514 notavit:

151 1547 328 1648 «Utraque
354 1549 471 1622 herum
497 1551 761 1649 propositionum
785 1568 838 1626 est
861 1551 962 1647 salse:
982 1554 1131 1627 4441144144
1152 1571 1244 1654 pote·

149 1666 220 1736 etuti
244 1663 353 1763 impie
376 1663 587 1762 derogativs,
608 1682 640 1740 et
658 1692 697 1739 ex
714 1667 870 1742 damnato
886 1668 1116 1743 Weidensinm
1134 1697 1243 1745 errore

151 1779 329 1876 procedens
350 1781 464 1874 (82).»
477 1781 579 1855 Nemo
598 1808 695 1880 porro
712 1806 815 1857 senus
833 1783 964 1857 inficias
982 1783 1044 1857 ibit
1060 1784 1157 1882 longe
1173 1811 1244 1857 me·

150 1890 208 1965 lius
222 1893 318 1967 iilius
335 1894 458 1967 aetatis
475 1894 638 1993 theologis
652 1896 895 1994 parisiensibus
913 1912 1120 1996 perspectum
1138 1896 1243 1971 tuisse

149 2006 273 2081 intueri
293 2025 459 2096 mentem,
478 2035 577 2110 quum
596 2011 743 2084 Leunoio
760 2011 902 2111 eiusque
918 2010 1079 2099 asseclis,
1098 2012 1156 2111 qui
1175 2037 1241 2085 non

213 2335 264 2396 (si)
279 2330 345 2384 ibid.
357 2333 400 2384 iot.
412 2337 468 2384 444.
480 2336 559 2384 reete.

212 2416 267 2464 iton
276 2413 431 2464 4441144144
442 2412 650 2464 enimedrersioue
661 2409 806 2465 dimittendi
816 2412 916 2466 Lotheri
926 2411 1115 2476 incohaerentts,
1126 2412 1187 2463 dum
1196 2423 1245 2464 noo

147 2492 199 2545 eiius
213 2493 308 2556 pedus
318 2493 373 2544 4144
383 2491 510 2544 siduitetis
519 2495 572 2544 sive
581 2495 811 2557 eonseugnineitetis
824 2494 950 2546 oontendit
965 2506 1037 2558 posse
1052 2494 1095 2544 sut
1109 2491 1244 2558 impedire,

147 2578 180 2624 444
197 2573 315 2625 dirimere
330 2573 487 2637 mmugium,
507 2587 581 2637 quem
594 2575 637 2637 qni
653 2574 737 2625 divino
746 2575 799 2639 iure
809 2575 833 2625 iu
845 2576 954 2626 14411144
963 2577 1021 2626 sunt
1032 2574 1175 2637 4444114411,
1184 2575 1245 2629 sits·

147 2663 192 2702 nen
202 2653 309 2717 ipsemet
318 2651 420 2702 devovit
430 2651 491 2702 diris
500 2654 598 2715 tioysen
606 2652 732 2717 legeturque
741 2653 872 2704 moseiom
879 2653 1026 2704 universnm.
1034 2653 1075 2705 sio
1084 2653 1150 2704 enim
1160 2651 1245 2705 scribit

148 2731 255 2783 1444444.
266 2731 302 2782 de
314 2735 415 2796 stopie.-
426 2752 439 2775 ι
447 2732 545 2782 iieiiem
555 2744 688 2796 numquem
697 2732 853 2795 ooneionsri,
868 2745 942 2797 qoem
953 2731 1048 2796 sitquid
1057 2744 1087 2782 es
1100 2734 1244 2798 114444444-

148 2826 239 2874 pnes:
254 2814 364 2876 ellegere
374 2816 473 2877 itoysen
484 2814 521 2863 eet
530 2813 655 2863 christum
665 2825 695 2863 ex
706 2813 821 2864 sordibus
834 2813 961 2863 nominum
971 2812 1074 2863 euierre.
1083 2815 1184 2879 Moysen
1193 2824 1244 2862 non

147 2893 255 2944 etmitto:
268 2892 362 2957 quiesi
373 2906 429 2943 eum
440 2893 466 2942 in
477 2906 526 2942 uno
536 2892 639 2944 sriieuio
648 2893 752 2956 resipio,
766 2894 872 2955 resipere
882 2893 955 2943 etiem
966 2891 1086 2956 oportebit
1096 2891 1121 2942 in
1132 2890 1246 2943 omuibus

147 2972 283 3022 mite
294 2969 408 3021 iudeieis.
415 2971 533 3021 itolumus
543 2970 669 3021 sdmitiere
674 2972 781 3034 Moysen,
793 2971 851 3034 quie
861 2974 971 3023 mortrms
981 2973 1030 3034 est,
1040 2972 1065 3021 et
1075 2972 1181 3035 regimen
1191 2971 1244 3020 etue

149 3051 246 3103 initum.
256 3052 335 3102 stulti
350 3052 476 3114 potiuntur
489 3065 516 3102 se
530 3052 612 3102 induet
631 3052 656 3102 in
672 3054 785 3114 iioysen,
803 3052 868 3102 sieut
883 3052 950 3116 porei
964 3052 990 3101 in
1005 3050 1135 3102 sistulum.
1149 3053 1244 3112 Moyses

148 3144 189 3181 son
200 3133 309 3195 pertinet
323 3131 371 3181 nisi
392 3131 424 3181 ed
441 3131 553 3194 14414444,
573 3145 622 3182 non
640 3130 671 3182 ed
688 3132 845 3196 christianos,
862 3145 909 3182 non
921 3131 953 3180 ed
963 3131 1071 3195 gentiles.
1085 3129 1172 3180 ituiios
1187 3140 1243 3191 ergo

148 3226 209 3276 sper,
220 3216 264 3263 eut
273 3213 407 3276 puuctum
417 3211 449 3261 ed
457 3225 502 3262 nos
512 3211 686 3275 pertinet....eu
695 3213 762 3262 testu
774 3212 838 3261 ciere
848 3209 994 3275 patei,quod
1004 3210 1077 3258 etiem
1087 3208 1170 3258 deeem
1181 3219 1245 3270 pree

148 3293 251 3355 erpised
261 3291 508 3354 nosnonpertinent;
519 3304 568 3341 non
578 3292 709 3353 enimnoe,
720 3291 763 3342 seii
773 3290 853 3341 solum
862 3291 962 3340 iudaeos
971 3290 1088 3338 morinus
1096 3300 1126 3337 ex
1136 3287 1244 3350 Aegypto

148 3373 289 3422 eruisset
307 3375 389 3421 temen
408 3371 579 3435 impedimento
599 3372 720 3433 sdmiitit,
733 3384 796 3434 quse
814 3372 839 3420 in
860 3369 968 3420 Levitico
987 3368 1152 3430 continentur,
1173 3367 1242 3431 qussi

148 3464 227 3516 senrpe
246 3455 343 3514 Moyses
361 3450 496 3501 Levitioum
506 3463 553 3500 non
565 3451 713 3514 scripsisset!
727 3450 832 3513 linquid
844 3450 893 3499 sint
904 3447 1032 3511 haeretiei,
1041 3460 1115 3510 quem
1124 3446 1172 3499 sibi
1184 3446 1244 3498 bene

148 3533 303 3583 muntani!
891 3529 896 3534 ’

214 3615 302 3675 seque
313 3610 376 3662 iilud
387 3612 546 3675 praetermitti
559 3611 643 3674 debet,
654 3612 718 3676 qnod
729 3624 785 3661 oum
795 3610 863 3674 prius
872 3608 962 3659 nuilem
977 3608 1101 3659 admiserit
1114 3609 1243 3659 suetorits·

148 3696 192 3742 iem
204 3694 230 3742 in
242 3691 385 3755 ooniugium
395 3690 441 3740 nisi
451 3689 572 3752 divinem,
585 3689 674 3740 deinde
680 3703 737 3739 eum
748 3688 886 3752 coniugium
897 3689 922 3737 in
932 3689 1033 3739 siessem
1041 3700 1122 3737 rernm
1132 3685 1242 3749 protens-

149 3786 199 3822 m
208 3773 353 3835 retenensi,
369 3770 505 3834 principum
516 3771 540 3819 in
551 3769 611 3819 iliud
625 3769 793 3820 suetoriisiem
805 3769 912 3831 agnovit.
924 3767 962 3818 ci.
971 3767 1069 3818 cochlei
1077 3764 1245 3816 Miseeitooeo

148 3858 173 3901 is
189 3856 277 3903 4444444
294 3851 437 3914 4444444444.
450 3850 589 3914 ingolstadii
603 3849 958 3901 1414111411444414145.
972 3845 1120 3898 sociendori
1127 3845 1246 3894 Historia

146 3931 328 3982 tetteroutrmt
344 3931 386 3980 tib.
400 3933 443 3980 iii.
455 3931 513 3980 sent.
525 3933 577 3979 xv.
587 3943 641 3994 peg.
654 3934 692 3980 19.
705 3932 809 3979 Teutum
821 3929 903 3991 obesi,
916 3932 943 3978 ut
955 3927 1058 3976 uoluerit
1069 3924 1189 3974 Lutherus
1199 3922 1243 3973 eri·

146 4022 200 4074 pere
209 4010 362 4074 principibus
370 4012 513 4072 potestatem
522 4009 703 4060 eteiuendornm
715 4008 954 4072 impedimentorum!

219 4090 270 4151 (44)
285 4091 322 4138 ite
334 4089 360 4137 in
370 4100 454 4151 opusc.
466 4089 656 4153 propositiones
672 4099 705 4138 ex
723 4086 790 4137 iitro
805 4085 912 4136 Luiteri
927 4085 974 4149 qut
988 4083 1154 4146 deceptiosi.
1169 4079 1244 4146 dote·

144 4168 196 4219 144.
216 4167 386 4231 inmittor,
409 4166 552 4227 entieetoe,
572 4169 598 4218 et
615 4178 664 4231 per
686 4165 862 4230 444444444444
878 4165 1062 4229 peristomium
1082 4159 1244 4223 soeoimtere

142 4247 294 4299 mare.
319 4250 426 4299 insertus
445 4249 482 4301 est
499 4250 580 4299 eutem
606 4247 646 4297 hie
669 4245 783 4298 41444444
805 4259 861 4310 opp.
884 4243 984 4296 14114441
1003 4242 1042 4293 ed.
1068 4242 1110 4292 eit.
1132 4243 1193 4293 tom.
1211 4241 1242 4291 11.

143 4326 241 4378 141445
250 4341 319 4392 seqq.

227 4450 253 4492 ιι
1181 4432 1198 4481 ⁵
