2804 5062
207 394 268 445 aar.
285 390 1146 444 unnaaocn.rornsr.nrsr.rnrenarranrnnnnru.
1177 369 1245 442 itu

156 511 294 612 expensis
312 508 427 584 ca‘usis
449 509 538 583 hanc
563 510 673 607 ipsam
693 510 825 590 reniam
846 509 960 596 dedit,
983 526 1017 584 et
1039 509 1087 582 ite
1111 509 1248 609 nuptias

154 626 213 701 illae
227 624 429 699 conciliatae
446 641 527 698 sunt
543 641 581 697 ut
597 625 696 697 refert
715 623 909 725 liaynaldus
922 627 1010 720 (81).
1021 622 1121 697 Aliud
1137 649 1249 698 exem-

149 741 226 842 plum
258 742 480 841 suppeditant
511 740 666 814 Clemens
696 741 749 811 Vi.
777 758 810 813 et
838 740 1051 814 innocentius
1075 741 1128 811 vt.
1157 741 1248 841 apud

147 858 305 930 laluzinm
324 859 413 953 (82).
432 858 514 928 ltem
533 858 675 929 loannes
688 858 788 927 xxti.
806 857 864 955 qui
884 857 1038 943 veniam,
1056 880 1157 956 quam
1178 880 1250 955 pro·

146 989 206 1071 pter
226 972 443 1070 cognationis
470 971 745 1072 impedimentum
772 971 959 1068 aragoniae
984 997 1039 1042 rex
1061 971 1103 1043 alt
1127 996 1164 1044 se
1191 998 1250 1070 po·

145 1089 318 1162 atularernt
342 1088 526 1161 concedere
551 1089 661 1160 renuit
685 1088 775 1186 apud
802 1086 1010 1187 liaynaldum
1040 1090 1128 1181 (83).
1150 1087 1249 1160 Plurs

144 1203 203 1275 alia
223 1203 394 1277 eiusmodi
419 1202 573 1302 exempla
592 1219 825 1302 suppeterent,
848 1229 936 1302 quae
958 1229 1096 1276 necesse
1114 1214 1250 1277 nonest

144 1344 197 1417 per
222 1317 361 1416 singula
397 1318 531 1390 reterre.
566 1318 702 1391 interim
736 1344 776 1390 ex
806 1316 917 1391 allatis
947 1316 1131 1391 luculenter
1160 1335 1251 1418 patei

143 1434 303 1532 quonmdo
329 1432 459 1505 iamdiu
483 1450 561 1506 ante
584 1433 803 1505 tridentinum
828 1433 1006 1507 concilium
1028 1434 1182 1530 cognitae
1207 1454 1250 1508 ao‘

143 1567 286 1622 mutae
310 1548 437 1621 luerint
460 1546 668 1621 conditiones
694 1547 871 1622 abeodem
896 1548 1039 1623 concilio
1065 1542 1250 1623 recensitae

142 1663 182 1734 ud
196 1662 323 1736 licitam
340 1661 579 1736 relaxationem
599 1663 805 1749 laciendum,
831 1690 952 1762 mopso
969 1664 1097 1737 scilicet
1120 1666 1249 1738 utilitas

143 1794 195 1851 aut
214 1779 392 1850 musitae
417 1791 477 1849 aut
500 1802 617 1851 course
641 1777 869 1862 rationabilis,
898 1803 984 1876 quas
1011 1794 1139 1851 tantum
1165 1777 1248 1851 illud

147 1892 310 1968 renovarit
335 1918 376 1965 ac
394 1891 550 1965 sancivit.

207 2007 310 2082 Hisce
327 2006 550 2081 nihilominus
575 2006 891 2090 nonobstantibus,
917 1994 1076 2081 relaxatio
1100 2007 1179 2081 data
1196 2025 1249 2082 est

146 2148 205 2195 nnn
228 2138 402 2223 tamquam
426 2148 469 2194 en
495 2123 622 2195 iustitio
643 2122 777 2207 debita,
798 2122 858 2195 sed
881 2149 924 2194 en
944 2125 1076 2220 pretio,
1104 2141 1141 2196 ut
1159 2138 1250 2224 patet

146 2262 180 2308 ea
207 2235 446 2338 rescriptorum
481 2235 655 2313 allatorum
684 2237 820 2324 verbis,
856 2251 889 2311 et
920 2237 966 2310 ita
993 2263 1030 2312 se
1059 2255 1253 2312 constanter

148 2371 314 2447 gesserunt
335 2379 418 2425 rom.
449 2353 623 2453 pontifices
642 2354 714 2427 sive
737 2372 813 2426 ante
840 2352 910 2427 sive
932 2369 1008 2452 post
1032 2353 1247 2427 tridentinum

149 2464 322 2540 decretum.

151 2587 154 2593 ’
208 2582 357 2669 Quodsi
384 2583 522 2655 nimium
552 2585 710 2683 frequens
736 2600 768 2655 et
790 2583 882 2680 larga
904 2583 1085 2680 gratiarum
1104 2583 1245 2671 eiluein,

151 2712 177 2767 ut
197 2697 347 2798 loquitur
372 2698 526 2772 Clemens
545 2699 597 2770 1v.
618 2701 708 2794 (st),
730 2699 890 2772 scandala
910 2726 975 2772 non
997 2726 1072 2773 raro
1098 2701 1245 2799 peperit,

152 2835 215 2882 unm
235 2813 316 2886 huic
337 2828 405 2884 tam
426 2812 538 2910 largae
557 2814 736 2911 gratiarum
758 2814 914 2886 ellusinni
933 2831 1158 2913 opportunum
1176 2813 1250 2887 obi·

151 2952 208 2999 cem
224 2930 401 3029 posuisset
421 2930 622 3017 concilium,
646 2931 675 3003 si
695 2930 884 3005 laenitatem
907 2958 968 3005 suo
986 2932 1118 3004 decreto
1135 2930 1252 3004 dedis·

150 3059 190 3113 set
209 3044 383 3143 episcopis
410 3044 553 3142 singulis
579 3043 819 3144 impedimenta
843 3044 1035 3131 relaxandi,
1057 3045 1193 3143 quondo
1215 3043 1250 3116 id

149 3160 323 3232 necessitas
337 3177 369 3231 ot
383 3160 470 3233 iusta
482 3186 586 3232 causa
600 3161 821 3260 postularent,
840 3160 923 3233 adeo
936 3178 973 3232 ut
991 3176 1178 3232 reservatae
1192 3159 1253 3231 do·

149 3269 216 3346 linc
228 3288 348 3346 essent
365 3274 568 3372 apostolicae
582 3275 655 3346 sedi
679 3273 901 3346 relaxationes
916 3289 1041 3345 tantum
1066 3299 1108 3343 eo
1120 3274 1247 3369 pratia,

148 3390 323 3484 permissae
341 3414 420 3462 vero
436 3390 503 3461 imo
529 3406 561 3462 et
580 3389 749 3461 iniunctae
771 3388 915 3484 singulis
933 3387 1103 3487 episcopis
1123 3386 1252 3458 relaxa·
1368 3393 1373 3405 '

147 3503 245 3578 tiones
271 3531 317 3576 ex
334 3505 492 3576 institia?
509 3530 607 3579 neruo
625 3522 701 3605 post
719 3529 860 3601 eaquae
882 3502 1045 3575 hactenus
1063 3504 1153 3576 dicta
1172 3520 1256 3576 sunt-

147 3621 285 3713 prolecto
310 3619 347 3690 id
373 3619 438 3692 sibi
467 3619 694 3719 persuadebit.
726 3621 773 3690 Ex
802 3619 897 3691 hisce
917 3619 1074 3691 omnibus
1100 3620 1253 3691 animad-

201 3790 252 3849 (st)
269 3787 307 3838 Ad
317 3801 357 3839 an.
375 3795 442 3839 itis.
454 3803 479 3838 n.
490 3791 519 3839 Χ.
534 3791 558 3839 et
569 3797 636 3841 1259.
647 3802 672 3838 u.
686 3791 750 3839 iiix.
764 3803 818 3852 pag.
832 3791 860 3839 27
882 3790 906 3838 et
918 3795 955 3840 39.
968 3787 1030 3839 tomi
1040 3790 1083 3838 lii.
1097 3788 1136 3838 ed.
1148 3790 1252 3838 Lucens.

202 3870 253 3929 (ιι)
269 3868 420 3920 ,directius
433 3868 542 3933 diplom.
554 3872 614 3919 tom.
631 3872 674 3919 iii.
688 3869 727 3920 ed.
741 3872 843 3937 Lucens.

202 3950 252 4011 (ιι)
267 3949 305 3998 Ad
324 3961 365 3998 an.
386 3955 455 3999 itte.
468 3962 494 4000 n.
506 3951 661 4000 Lxxiit'tti.
677 3962 729 4012 seq.
746 3963 801 4012 pag.
815 3949 926 4000 tatami
940 3951 983 3999 ili.
994 3948 1034 3998 cd.
1048 3949 1092 3999 eit.

205 4029 255 4090 (st)
272 4030 308 4077 En
321 4026 396 4076 verba
405 4027 538 4077 Clementis
548 4027 573 4076 in
585 4041 692 4091 respons.
704 4027 734 4077 ad
747 4028 898 4091 alphonsum
909 4022 1033 4078 castitiiae
1047 4039 1144 4090 regem:
1158 4028 1254 4091 «Larga

148 4102 165 4153 'u
183 4106 228 4156 hc
245 4107 348 4157 materia
368 4107 495 4157 retroactis
510 4107 574 4157 iacta
586 4108 736 4170 temporibus
750 4107 903 4158 diversarum
917 4107 1006 4157 eiiusio
1016 4108 1150 4171 gratiarum
1162 4107 1253 4158 multos

148 4183 241 4237 'rddidit
256 4185 304 4235 aab
317 4198 363 4249 spe
379 4186 464 4235 reniae
479 4185 563 4236 iaciies
571 4186 602 4235 ad
613 4186 746 4237 incestum:
759 4189 854 4237 tantum
866 4187 959 4237 crimen
968 4199 999 4237 eo
1008 4186 1088 4238 ierint
1097 4186 1155 4237 iicet
1164 4188 1255 4238 tauers

150 4261 287 4329 munta,
307 4280 359 4329 quo
374 4264 472 4315 lucillus
488 4267 545 4316 nate
559 4265 755 4316 coniunctionem
767 4266 806 4317 rel
817 4269 902 4330 postea
915 4267 1103 4331 dispensationis
1117 4266 1195 4332 gratia
1212 4280 1253 4332 po·

152 4343 201 4393 tent
215 4345 330 4397 oodoni.
342 4367 354 4390 υ
373 4345 445 4409 Apud
456 4345 565 4397 Medeae
573 4345 697 4398 Arrecdot.
709 4349 770 4398 tom.
782 4349 813 4398 ii.
824 4360 880 4411 με.
896 4352 940 4400 tsi
951 4360 1004 4411 aeq.
1157 4360 1165 4372 ‘
