2804 5062
168 351 213 424 86
418 371 481 420 mo.
500 370 538 421 u.
558 369 645 421 scor.
666 370 691 420 r.
710 370 750 421 on
767 369 892 420 rorasr.
912 368 1038 420 recum.
1095 394 1102 439 Ξ

164 514 282 579 nuere,
302 512 342 563 no
365 485 543 562 detrahere
567 487 725 587 oportuit.
751 486 816 561 Res
842 486 918 587 ipen
938 502 1029 562 rotat
1053 485 1096 560 nb
1116 485 1274 563 inferiore

163 603 317 703 abrogari
342 602 474 701 legem,
495 629 583 703 quoe
606 603 791 702 superioris
815 602 955 703 imperio
975 602 1104 677 sancita
1129 619 1183 679 est
1202 607 1265 701 (5).

233 720 285 794 Ad
316 718 416 807 haec,
445 716 623 793 concilium
645 718 862 792 tridentinum
885 719 968 794 satis
989 735 1108 818 aperte
1137 720 1273 818 agnovit

161 834 403 912 relaxationum
424 834 479 908 ius
496 833 540 908 ad
559 831 667 909 solum
685 860 769 908 rom.
791 832 982 933 pontificem
1004 848 1173 934 spectare,
1194 833 1272 911 lieet

160 949 251 1027 enim
264 949 434 1050 conceptis
446 947 558 1024 verbis
571 949 605 1022 id
618 975 686 1024 non
698 948 916 1049 expresserit,
938 963 1049 1023 tamen
1068 973 1156 1024 sess.
1168 948 1265 1037 xxt.

160 1090 235 1166 cop.
259 1064 374 1138 xv111.
402 1062 464 1138 rei.
494 1079 672 1165 postquam
701 1079 850 1141 exactam
871 1088 1038 1139 canonum
1060 1061 1269 1154 observatio

159 1202 237 1257 nem
257 1179 546 1267 commendasset,
575 1179 713 1254 subdit:
745 1177 923 1267 «Quodsi
955 1205 1080 1278 urgens
1113 1179 1271 1282 iustaque

158 1295 243 1371 ratio
261 1311 295 1372 et
314 1293 421 1372 maior
445 1292 649 1395 quandoque
673 1293 801 1369 utilitas
822 1292 1082 1395 postulaverint,
1100 1319 1180 1371 eum
1207 1295 1270 1372 oli-

159 1408 285 1510 quibus
300 1406 566 1509 dispensandum
582 1434 683 1496 esse,
704 1407 740 1480 id
762 1434 865 1483 cansa
889 1407 1041 1507 cognita,
1068 1433 1110 1483 ac
1134 1434 1269 1491 summu

158 1522 370 1610 maturitate,
394 1536 495 1622 atque
514 1521 618 1619 gratis
635 1548 658 1595 o
673 1522 949 1621 quibuscumque,
972 1521 1018 1596 od
1041 1549 1121 1621 quoa
1142 1520 1271 1624 dispro-

157 1640 242 1714 totio
267 1636 470 1740 pertinebit,
499 1637 563 1713 erit
584 1632 868 1738 praestandum.»
892 1638 964 1711 Iam
986 1663 1065 1714 raro
1084 1664 1192 1739 quum
1216 1665 1270 1715 ne

156 1754 248 1830 mine
272 1751 537 1842 contradicente,
571 1752 726 1854 pluribus
755 1773 832 1829 ante
860 1752 1011 1842 seculis,
1038 1753 1083 1828 ad
1111 1779 1268 1847 romanos

156 1868 333 1970 pontifices
357 1868 410 1942 ius
445 1867 642 1969 pertinuerit
662 1868 826 1969 privative
850 1865 1089 1969 impedimenta
1105 1866 1266 1944 dirimen-

156 1984 203 2062 tia
230 1983 420 2072 relaxandi,
443 1982 523 2058 hine
549 1983 666 2060 merito
691 1983 875 2060 intulerant
895 2008 1067 2058 sacrorum
1096 2008 1265 2067 canonrun

155 2099 363 2200 expositores
392 2096 508 2172 hahita
532 2098 693 2174 historiae
716 2098 983 2188 ratione,iuxto
1006 2096 1186 2191 concilium
1211 2097 1268 2174 tri·

154 2214 351 2304 dentinum,
370 2212 414 2288 nd
431 2239 516 2289 rom.
538 2211 728 2314 pontificem
742 2212 1028 2314 dispensationem
1051 2212 1092 2289 in
1106 2211 1268 2311 dirimen-

154 2329 246 2409 tibus
263 2345 425 2432 spectare.
444 2324 620 2428 Siquidem
638 2327 809 2402 tridentini
829 2343 942 2428 patres
960 2327 1052 2404 haud
1069 2324 1267 2428 ignorabant

154 2443 221 2520 boc
244 2443 442 2544 privativum
467 2441 521 2515 ius
546 2438 865 2540 apostolicaesedis
891 2439 1009 2518 fuisse.
1057 2530 1058 2533 Ἴ
1152 2508 1177 2516 ,,

225 2559 269 2634 Et
289 2583 373 2634 sane
396 2572 512 2632 auctor
532 2555 679 2654 proiecto
706 2583 772 2630 non
802 2573 979 2657 suspectus
1005 2556 1267 2656 Van-Espenius

153 2672 276 2747 fatetur
301 2688 449 2772 tempore
480 2672 616 2748 concilii
638 2671 808 2747 tridentini
839 2670 1061 2771 dispensandi
1084 2671 1265 2763 auctorita-

155 2803 222 2863 tem
238 2787 273 2861 in
291 2785 445 2888 pluribus
464 2789 631 2877 materiis,
652 2813 691 2861 ac
709 2787 880 2885 signanter
894 2814 998 2887 super
1013 2786 1264 2886 impedimentis

152 2902 387 2978 dirimentibus
417 2903 666 2979 matrimonium
693 2904 800 2978 fuisse
828 2901 871 2977 ed
901 2902 1119 3002 apostolicam
1138 2903 1263 3005 sedem

150 3017 361 3110 devolutam,
380 3019 452 3096 eive
469 3018 542 3094 sedi
560 3018 762 3119 apostolicae
779 3033 1000 3107 reservatam,
1017 3044 1080 3092 nec
1099 3017 1174 3108 sine
1188 3018 1264 3092 fun·

142 3134 309 3210 ⁴demente
334 3133 456 3223 docet,
484 3134 666 3235 multisque
691 3134 809 3234 probat
833 3132 990 3206 dominus
1014 3133 1067 3205 Du
1100 3131 1206 3232 Conse
1221 3133 1263 3229 ,in

149 3276 211 3327 suo
245 3265 387 3326 tractatu
415 3251 462 3324 Dc
487 3249 710 3324 iurisdictione
742 3246 903 3322 Ordt'oor.¹
933 3265 1011 3322 tom.
1042 3247 1068 3319 l.
1097 3273 1181 3348 cap..
1200 3250 1259 3322 10.

147 3365 184 3464 9.
207 3368 241 3437 e.
288 3382 365 3465 post
389 3365 550 3439 Thomam
574 3365 742 3451 Sanchez,
772 3363 938 3463 synodum
969 3362 1186 3446 tridentinam
1212 3389 1263 3437 re-

148 3476 245 3576 gulns
267 3478 301 3550 in
327 3480 466 3554 materia
482 3478 767 3579 dispensationis,
788 3503 829 3553 ae
847 3492 1000 3552 notanter
1024 3502 1128 3576 super
1153 3477 1261 3580 impe-

147 3590 306 3668 dimentis
342 3595 543 3669 matrimonii
577 3593 827 3695 praescriptas,
853 3592 909 3667 >ad
944 3617 1028 3666 rom.
1066 3591 1261 3692 pontificem

149 3707 330 3809 praecipue
354 3707 518 3783 direxisse
538 3713 624 3805 (6),
953 3796 954 3801 ¹

220 3824 306 3898 Illud
336 3850 414 3901 vcro
438 3824 546 3922 magis
572 3823 636 3898 hoc
661 3826 774 3924 ipsum
799 3824 974 3899 confirmat
999 3823 1042 3896 de
1066 3822 1264 3896 tridentino-

147 3964 219 4011 rum
253 3953 384 4037 pntrum
414 3953 524 4013 mente
555 3938 645 4038 quod
680 3938 714 4010 in
744 3939 860 4012 eodem
894 3935 1035 4011 concilio
1076 3936 1263 4033 contigisse

147 4051 294 4128 referunt
318 4053 392 4128 eius
417 4052 580 4128 historici.
609 4055 691 4126 Nam
713 4079 791 4128 cum
814 4053 1021 4152 disputatum
1043 4066 1134 4128 esset
1158 4076 1178 4125 a
1206 4078 1264 4151 pu-

212 4237 248 4298 (t)
263 4240 386 4289 Inrtttrtt.
405 4242 556 4290 emonem.
568 4239 613 4288 lib.
628 4241 660 4290 11.
673 4242 733 4291 sect
746 4241 788 4290 lx.
804 4239 828 4303 ς.
843 4242 895 4290 117.

213 4316 249 4380 (t)
261 4319 311 4371 tua
323 4331 417 4371 coam.
434 4322 550 4372 uetuere.
563 4319 865 4385 transumuntur».
879 4319 912 4369 11.
925 4331 950 4387 q.
966 4323 1002 4396 ιοἼ
