2804 5062
198 369 268 420 Cli.
285 369 321 420 11.
338 368 378 418 us
391 368 497 420 Pom·
511 368 614 419 enimc.
629 367 691 419 riu.
703 368 872 420 cm-mn-
883 368 1007 420 cumn.
1017 353 1091 420 aas.
1105 370 1152 421 lll.
1183 342 1268 420 ηδ

148 512 181 559 re
193 489 225 583 (1
234 489 308 583 ii).
320 486 494 587 Quidquid
509 487 555 562 sit
567 486 610 561 de
624 484 730 575 lacto,
752 487 794 561 de
811 513 879 590 quo
900 513 977 562 mox
994 485 1167 576 dicemus,
1187 512 1256 563 car·

145 618 213 676 tum
228 619 280 676 est
293 605 492 702 persuasum
505 600 629 703 quavis
641 619 747 677 aetate
763 603 799 675 in
812 602 955 677 ecclesia
967 602 1075 677 fuisse
1088 602 1255 677 eiusmodi

145 717 417 818 dispensationes
442 719 612 793 exclusive
629 719 672 793 ad
691 709 915 818 apostolicam
931 718 1045 794 sedem
1065 718 1254 820 pertinere,

144 836 238 911 nullo
254 864 333 912 vcro
351 837 450 912 modo
467 838 510 911 ad
530 837 699 938 politicam
714 853 923 938 potestatem.
935 835 973 910 ld
987 851 1119 911 constat
1131 835 1259 937 exipso

143 951 247 1025 laona
268 941 413 1052 aliisque
436 951 628 1053 episcopis,
649 953 708 1053 qui
726 946 824 1029 enixe
841 953 925 1027 adeo
942 950 1097 1026 Paschali
1114 951 1158 1060 ¹¹:
1175 976 1256 1051 sup

143 1065 354 1165 plicaverunt
372 1082 412 1140 ut
431 1066 718 1167 dispensationem
743 1069 957 1155 concederet;
977 1081 1108 1142 constat
1123 1090 1164 1139 ex
1180 1064 1261 1165 ipso

144 1182 326 1281 pontifice,
354 1182 412 1282 qui
439 1184 589 1256 animum
619 1183 816 1258 inclinasset
840 1183 884 1257 ad
909 1208 983 1256 eam
1009 1173 1257 1256 concedendam

146 1297 177 1370 si
194 1297 347 1371 unanimi
365 1323 532 1373 consensu
551 1300 701 1400 episcopi
720 1299 937 1398 baugenciaci
961 1297 1153 1395 cougregati
1178 1322 1260 1371 con-

143 1413 320 1489 venissent
344 1414 386 1487 ad
412 1440 485 1488 eam
512 1416 713 1515 petendam3
740 1430 793 1490 ast
809 1440 870 1516 pro
887 1410 1006 1487 maiori
1024 1435 1139 1487 eorum
1165 1427 1274 1514 parte

145 1525 328 1602 uoluerunt
339 1529 513 1628 proprium
529 1529 691 1603 iudicium
706 1531 855 1631 prolerre
873 1529 1040 1601 dicentes:
1054 1539 1121 1601 use
1137 1524 1275 1600 debere·

146 1667 226 1716 esse
250 1640 354 1717 huius
379 1642 514 1717 consilii
541 1640 681 1719 comites
697 1661 729 1719 et
751 1667 817 1718 non
842 1644 947 1717 duces
967 1643 1106 1738 (1l8).»
1121 1640 1264 1716 Constat

145 1757 284 1832 demum
310 1785 350 1833 ex
376 1759 451 1859 ipsa
469 1759 618 1858 Philippi
644 1755 765 1857 agendi
791 1758 920 1832 ratione
941 1783 1008 1831 non
1026 1757 1069 1829 nd
1089 1743 1276 1858 principes

146 1872 271 1962 laicos,
287 1873 347 1949 sed
360 1872 460 1948 unice
477 1873 521 1948 ad
539 1897 690 1949 summos
707 1874 884 1975 pontifices
902 1863 1107 1972 pertinuisse
1122 1869 1262 1974 dispen-

144 1989 313 2065 sationem
334 1989 536 2077 couoedere,
558 1988 710 2089 alioquin
731 2011 844 2062 secum
864 1988 937 2089 ipse
952 1979 1205 2087 dispensasset,
1224 2000 1277 2061 ut·

145 2105 287 2180 eridanus
312 2123 376 2180 est.
442 2165 445 2169 ,
1184 2096 1185 2099 ’

203 2220 258 2294 i.
279 2223 352 2295 Non
370 2222 484 2297 minus
506 2223 630 2296 erravit
646 2223 754 2322 Nuytz
772 2215 852 2295 dum
871 2220 1017 2294 asseruit
1033 2219 1168 2294 nonnisi
1186 2235 1276 2293 sero

145 2335 246 2412 valde
261 2338 416 2438 coepisse
433 2338 477 2411 ab
495 2337 678 2438 apostolica
696 2337 778 2411 sede
794 2325 1067 2436 dispensationes
1090 2324 1264 2409 matrimo-

145 2452 255 2527 niales
267 2453 426 2540 concedi3
442 2454 612 2554 siquidem
626 2480 688 2527 nos
703 2454 822 2526 harum
845 2452 1088 2525 relaxationem
1107 2449 1273 2551 exempla

142 2568 319 2642 attulimus
344 2594 385 2642 ex
410 2594 479 2642 sec.
496 2568 548 2642 Vl.
565 2568 724 2642 videlicet
743 2594 764 2641 a
780 2595 810 2653 s.
828 2567 987 2664 Gregorio
1004 2567 1048 2638 ll.
1063 2567 1097 2639 in
1119 2566 1263 2664 gratiam

142 2682 320 2781 anglorum
359 2710 476 2760 recens
509 2685 553 2759 ad
586 2682 806 2758 christianam
845 2682 1041 2780 religionem
1075 2707 1264 2756 converso-

144 2825 221 2873 rum
245 2800 359 2895 (iia),
383 2815 454 2873 tum
474 2826 496 2873 a
513 2800 671 2898 Gregorio
694 2799 737 2873 ll.
760 2797 907 2898 aliisque
928 2797 1159 2899 pontificibus.
1182 2799 1266 2871 Sero

145 2930 277 2989 tantum
303 2913 403 2989 datae
419 2933 500 2989 sunt
526 2915 748 2991 relaxationes
768 2918 923 3016 prosaice
948 2914 1161 2989 matrimonio
1185 2939 1266 2988 con·

146 3028 332 3118 miando,
353 3029 543 3131 etquidem
560 3029 605 3103 ob
621 3031 842 3129 gravissimas
864 3023 987 3103 causas
1004 3053 1173 3129 quassus
1190 3026 1278 3100 loco·

146 3145 392 3219 recensuimus.
413 3146 660 3246 Consequentia
684 3171 787 3247 quam
813 3143 952 3218 deducit
967 3146 1076 3245 Nupta
1092 3143 1196 3241 digua
1213 3156 1266 3216 ast

145 3261 282 3359 egregio
307 3261 498 3360 professore
522 3257 666 3361 eiusque
690 3260 891 3360 praemissis
906 3263 1020 3357 (iso).

219 3398 287 3474 (147)
303 3429 316 3455 ι
326 3413 473 3475 Gomomue
490 3411 546 3475 sle,
565 3413 626 3463 letto
639 3411 669 3474 c,
685 3412 731 3462 che
743 3411 766 3462 le
778 3411 891 3476 dispensa
908 3412 990 3476 papali
1008 3424 1051 3475 per
1067 3411 1151 3476 region
1170 3411 1197 3462 dl
1213 3424 1265 3463 ma·

144 3491 280 3555 tammo,
298 3491 482 3544 cominciarouo
496 3493 725 3544 tardissimamcotc.
744 3495 785 3543 Mu
806 3492 1006 3556 quell’aspettare
1022 3492 1043 3543 si
1058 3492 1123 3543 tardi
1136 3506 1152 3543 a
1166 3489 1212 3542 dar
1228 3492 1268 3544 dl·

143 3582 269 3635 spense,e
277 3570 295 3620 il
304 3571 474 3621 cominciarea
484 3571 546 3621 lario
557 3570 626 3622 nette
634 3571 712 3621 deuse
722 3570 826 3621 tenebre
836 3570 875 3621 dei
886 3571 967 3623 medio
978 3585 1033 3636 ero,
1041 3572 1141 3635 quando
1151 3572 1175 3622 lu
1183 3571 1266 3624 chiesa

100 3664 104 3668 ’
146 3649 352 3701 oeclusivamente
367 3651 391 3701 al
404 3651 477 3702 civile
492 3652 631 3714 legislatore
642 3652 749 3714 goreruo
763 3650 787 3701 la
801 3652 904 3702 materia
915 3650 954 3701 dcl
966 3651 1138 3714 matrimonio,
1149 3654 1218 3702 tanto
1227 3650 1267 3716 pei

145 3730 286 3793 temporale
301 3734 394 3794 quanto
410 3744 453 3795 per
466 3730 492 3781 lo
504 3730 647 3795 spirituale,
656 3743 706 3782 non
716 3743 794 3793 prora
805 3731 853 3794 egli
865 3731 911 3782 che
922 3731 940 3781 ii
951 3730 1037 3782 diritto
1047 3730 1073 3781 dt
1085 3730 1198 3794 dispensa
1207 3728 1266 3782 ctio

147 3809 240 3862 chiesa
251 3823 304 3861 non
316 3814 503 3876 appartient?-

222 3888 288 3952 (148)
303 3892 347 3940 iro
365 3889 426 3940 ibid.

221 3969 288 4032 (iia)
303 3971 354 4020 flas
367 3982 494 4034 perperam
504 3972 584 4035 iinyta
593 3971 619 4021 in
626 3972 791 4036 suspicionem
804 3976 876 4025 vocat
885 3973 910 4023 in
918 3987 964 4024 sua
975 3973 1121 4024 tractatione
1129 3974 1167 4024 De
1174 3973 1265 4024 mutri-

144 4050 251 4112 monto,
264 4062 319 4114 pag.
332 4057 386 4102 291.
395 4050 421 4100 in
432 4054 505 4113 uota,
517 4054 545 4101 ut
555 4065 601 4102 suo
609 4052 665 4104 ioco
676 4053 830 4105 ostendimus

222 4129 288 4193 (ito)
303 4126 371 4180 Adeo
387 4128 498 4180 eruditus
509 4132 547 4181 est
558 4131 599 4181 hic
610 4133 672 4183 iuris
685 4133 796 4183 canonici
810 4133 932 4197 professor
945 4133 970 4183 in
984 4133 1108 4184 Athenaeo
1117 4133 1265 4193 taunucusi,

145 4211 177 4260 ut
197 4210 262 4260 inter
279 4221 306 4260 te
329 4209 397 4260 card.
417 4211 548 4275 Fleuryum
565 4226 621 4262 cum
639 4212 679 4264 ab.
692 4213 797 4277 Fleuryo
815 4212 999 4277 pemmonem,
1021 4225 1050 4262 ac
1068 4212 1204 4278 Eugenium
1221 4213 1266 4263 lli.

145 4289 195 4367 qui
210 4290 296 4342 iloruit
305 4292 414 4342 aetates.
423 4291 541 4342 Beruardi
550 4306 608 4344 cum
619 4294 729 4358 Eugenio
741 4295 784 4344 lv.
794 4294 838 4359 qui
850 4293 955 4358 praefuit
962 4293 1072 4359 ¹concilio
1088 4291 1233 4355 florentino,
1242 4290 1270 4341 id

145 4372 188 4422 est
200 4373 255 4434 post
270 4370 366 4435 aliquot
378 4371 460 4423 secula
476 4372 561 4423 deruit
