2804 5062
144 357 213 429 ttt
377 376 1005 432 nu.n.ssor.t.nssorrsr.snenss.

144 498 338 573 Michaelem
362 523 583 573 senonensem
609 496 903 598 arehiepisoopnm
933 497 1060 571 litteras
1086 493 1194 571 dedit.
1221 495 1246 570 h

145 615 190 689 iis
208 615 293 690 inter
317 630 427 688 cetera
451 614 598 688 ostendit
629 638 697 688 non
718 638 796 686 esse
816 636 837 687 a
855 613 1053 688 temeritatis
1071 612 1158 687 vitio
1183 611 1246 687 alie

145 758 247 820 num,
272 731 363 833 quod
392 731 427 803 in
453 748 520 805 tam
541 729 647 805 ardun
669 755 710 803 ae
735 729 865 804 difficili
895 731 1047 829 negotio,
1075 755 1146 804 non
1163 729 1246 804 lueri

144 873 225 922 onra
255 847 347 922 sedis
372 847 576 948 apostolieae
601 846 783 946 requisita,
805 873 866 946 per
891 874 993 947 quam
1009 847 1063 922 vel
1079 846 1194 949 ipsam
1211 871 1246 922 oa

145 964 264 1039 nonioe
289 963 459 1052 liniretur,
486 963 539 1037 vel
564 963 823 1038 committeretur
845 961 1041 1063 aliquibus,
1062 963 1125 1063 qni
1151 963 1243 1037 idem

146 1097 278 1158 servato
289 1082 374 1156 iuris
386 1081 516 1169 ordine,
526 1079 700 1154 secuudum
712 1094 836 1153 statuto
849 1106 1007 1152 cononum
1025 1080 1246 1154 terminarent

217 1198 310 1271 ldem
336 1198 484 1299 pontifex
511 1196 732 1296 depositionis
762 1196 960 1270 sententiam
990 1195 1067 1270 tulit
1098 1197 1246 1271 aduersu

145 1311 389 1411 Thentgaldum
409 1312 624 1386 trevirensem
642 1325 675 1384 et
691 1311 874 1384 Guntarum
891 1311 1122 1386 ooloniens'em
1137 1310 1246 1385 arehie

147 1427 344 1528 piscopum,
372 1455 412 1502 eo
437 1428 527 1529 qnod
554 1442 666 1500 contro
688 1453 826 1500 conones
851 1420 1074 1501 iudicaverint
1099 1420 1135 1500 in
1160 1418 1246 1502 eam

148 1543 385 1617 matrimoniali
411 1542 558 1617 lotharii
584 1542 673 1640 regis
695 1558 728 1617 et
754 1542 985 1642 Thentbergae
1010 1537 1129 1616 uxoris
1145 1541 1238 1618 illius

150 1657 352 1761 illorumque
376 1659 600 1747 sententiam,
624 1673 663 1732 ut
685 1658 858 1747 uidimus,
887 1659 931 1733 de
955 1658 1101 1734 divortio
1126 1658 1246 1733 omnint

150 1771 282 1850 cassam
303 1801 344 1849 ae
362 1775 491 1849 irritem
510 1773 589 1848 ieoit
608 1776 697 1871 (13).

221 1890 295 1963 Alia
309 1889 408 1990 plura
422 1889 588 1963 eiusmodi
611 1889 812 1963 documenta
832 1889 966 1963 silentio
979 1905 1154 1987 praetereo
1171 1890 1243 1987 (11)

149 2031 228 2080 oum
247 2022 381 2107 praesto
400 2006 469 2079 sint
487 2005 574 2078 laeta
590 2004 826 2106 imperatorum
845 2002 884 2078 aa
897 2029 1034 2103 regum,
1051 2007 1112 2106 qui
1132 2006 1167 2078 in
1185 2030 1246 2080 een

149 2122 199 2195 sis
217 2121 289 2195 suis
307 2136 365 2195 ent
383 2119 595 2195 subditorum
618 2146 755 2194 snorum
777 2120 821 2194 de
838 2120 965 2220 nuptiis
979 2121 1022 2194 ad
1040 2122 1189 2195 eoncilia
1205 2146 1246 2195 aa

146 2235 424 2336 adapostolicam
438 2235 552 2309 sedem
566 2236 798 2333 confugerunt.
813 2236 899 2310 Sane
908 2236 1073 2310 llenrinus
1085 2237 1176 2309 Vlll.
1186 2260 1246 2311 enn

146 2352 287 2427 dissolvi
309 2367 438 2453 optaret
455 2352 647 2449 coniugium
661 2377 760 2424 suum
773 2378 850 2425 enm
863 2352 1047 2425 Catharina
1063 2352 1206 2441 initum,
1220 2375 1246 2427 α

147 2466 352 2541 Clementem
376 2469 446 2540 Vll.
468 2494 549 2541 snos
575 2483 723 2541 oratores
749 2467 865 2554 misit,
886 2468 1040 2567 nihilque
1066 2464 1246 2542 intentatur

150 2581 316 2682 reliquum
331 2583 425 2669 iecit,
454 2599 491 2656 ut
513 2584 635 2657 summi
651 2583 819 2683 pontificis
845 2584 995 2656 animum
1011 2583 1173 2672 llecteret,
1202 2608 1246 2657 ne

149 2695 193 2768 de
210 2695 392 2769 schismate
404 2696 585 2794 cogitavit,
606 2697 673 2769 nisi
692 2713 870 2797 postquam
894 2698 980 2771 vidit
998 2697 1090 2771 illius
1117 2698 1246 2771 animun

147 2811 237 2884 flecti
252 2809 457 2884 nullomodo
482 2837 582 2910 posse
599 2814 685 2907 (111.
708 2812 758 2883 td
783 2813 1001 2912 apostolicam
1026 2813 1130 2886 etiam
1149 2812 1246 2888 sedet

148 2925 339 3000 ludovicus
359 2927 432 2997 llll.
452 2926 632 2999 Galliarum
655 2954 713 2999 rex
732 2954 768 3002 se
791 2928 951 3016 eontulit,
973 2944 1075 3028 atque
1095 2929 1173 3002 eius
1188 2953 1246 3004 eoa

150 3044 279 3142 iugium
293 3071 369 3117 oum
387 3044 512 3117 loanna
529 3044 689 3117 Franciae
702 3043 830 3119 nullum
848 3046 1053 3119 declaratum
1071 3046 1146 3118 luit.
1169 3045 1246 3119 (ium

151 3186 218 3261 que
235 3159 423 3234 ludovicus
442 3161 532 3231 Xlll.
550 3159 593 3233 ad
611 3159 783 3232 Urbanum
796 3161 882 3233 Vlll.
899 3162 1051 3235 misisset
1064 3161 1246 3261 episcopan

148 3274 475 3374 lllontipessulannm
493 3274 529 3346 in
542 3300 648 3348 causa
667 3274 873 3348 matrimonii
892 3276 982 3375 quod
1002 3277 1104 3350 Gasto
1124 3277 1195 3350 dux
1211 3301 1246 3350 at

151 3388 349 3462 relianensis
367 3405 400 3462 et
424 3390 524 3462 irater
544 3389 696 3463 eiusdem
715 3389 873 3463 ludovici
893 3390 982 3487 regis
1008 3416 1084 3463 enm
1103 3392 1246 3490 hlargnrt

151 3500 207 3573 tha
233 3517 458 3590 contraxerat,
485 3530 568 3576 rom.
595 3501 744 3601 pontifex
762 3519 877 3577 contra
902 3503 981 3577 cleri
1009 3503 1169 3602 gallicani
1197 3503 1246 3579 sul

216 3705 265 3769 (tt)
281 3706 343 3757 Lod.
357 3709 395 3758 Du
405 3709 492 3758 Mesnit
504 3712 630 3759 Doctrina
641 3713 667 3760 et
682 3709 822 3775 disciplina
838 3711 961 3762 ecclesiae
973 3711 1187 3764 tom.1V.adan.
1200 3715 1246 3763 nst

148 3798 173 3836 n.
183 3787 259 3837 xtu.
271 3787 387 3837 coioniae
399 3791 465 3839 1711.
481 3802 535 3852 pag.
550 3796 604 3840 53⁰.

214 3865 265 3929 (11)
280 3866 320 3918 ci.
333 3869 414 3917 Moser
425 3870 462 3917 De
472 3868 566 3932 impet.
578 3870 694 3919 mettim.
706 3883 760 3933 cap.
773 3870 893 3933 xxtV.§.
910 3875 985 3933 tseq.
994 3883 1052 3920 enm
1064 3868 1246 3934 notisappoffl

215 3947 266 4006 (11)
281 3948 369 4010 Totam
380 3947 442 3996 hanc
457 3947 584 3997 historiam
601 3948 633 3997 ot.
651 3949 717 4012 apud
729 3949 834 4012 Lingard
845 3951 933 3999 storto
946 3948 1147 4013 d'lnqttttma
1162 3947 1246 4000 trah«

148 4023 257 4085 Gregorii
264 4027 341 4074 Roma
357 4033 424 4076 1111.
438 4027 486 4077 vol.
500 4029 542 4076 vt.
556 4040 610 4091 cap.
622 4029 665 4077 tll.
676 4041 721 4078 nec
735 4042 783 4078 non
794 4028 859 4092 apud
867 4028 947 4078 Audin
958 4028 1065 4079 11111111
1075 4030 1175 4093 Hense.
1187 4026 1246 4079 tuti

148 4102 359 4154 saturantem.
372 4107 454 4169 ιρις.
467 4114 520 4158 25⁰.
532 4107 596 4156 suiv.
610 4109 671 4157 ltem
683 4108 749 4171 apud
764 4110 940 4158 Wnterworth.
954 4109 1004 4158 Tite
1023 4108 1165 4159 substance
1184 4104 1246 4169 uto

148 4179 284 4232 tutemet
296 4182 407 4235 tecturas
425 4198 457 4236 on
473 4186 516 4236 tlte
531 4189 615 4250 otioin
633 4187 688 4237 ond
703 4201 824 4251 proeress
835 4191 862 4238 in
881 4188 933 4239 this
947 4190 1058 4252 country
1074 4187 1108 4249 os
1116 4188 1160 4239 the
1170 4186 1246 4250 chon

148 4259 182 4321 a!
198 4260 308 4327 retiqtmt
326 4263 411 4316 rottei
435 4265 478 4318 tite
500 4265 688 4329 tiosorntottott.
710 4269 814 4320 Nowmt
834 4273 902 4320 tato.
916 4269 1021 4320 iniit
1040 4269 1152 4321 setosae
1170 4268 1246 4320 tortu

149 4351 203 4403 ru·
217 4346 248 4392 ²⁹
260 4354 329 4407 seua·
