2828 5054
178 396 1122 455 nanumaocn.ror.niaaus.mra.ucmsrons.auru.
1176 383 1246 456 tta

131 516 248 602 bonai,
268 513 422 590 excusati
450 529 550 588 erunt
567 529 744 614 parentes;
765 517 796 589 si
817 516 853 589 in
875 516 993 592 eodem
1021 519 1147 594 suerint
1162 522 1245 596 vitio

130 649 161 708 et
183 629 371 733 polluerint
399 656 438 704 se
466 630 727 720 consentiendo,
755 633 909 733 superior
937 634 1103 710 sententia
1135 663 1248 712 serua-

129 765 180 824 tur
199 748 326 844 (28).»
346 745 381 817 S.
403 743 612 842 Augustinus
630 746 759 844 passim
775 746 819 820 de
836 747 1057 847 sponsalibus
1075 749 1245 850 loquitur,

129 890 168 940 nc
193 863 239 938 de
264 863 389 936 tabulis
421 861 739 947 matrimonialibus,
768 877 827 936 aut
856 865 1066 963 signatoriis,
1094 892 1182 966 quae
1207 894 1248 940 ox

129 979 291 1056 ecclesiae
325 976 535 1077 praescripto
568 975 765 1074 legebantur
787 978 822 1050 in
852 980 1064 1079 sponsalium
1098 981 1247 1056 celebra·

129 1096 237 1184 bone,
259 1111 360 1194 atque
378 1093 420 1165 ab
439 1092 598 1192 episcopo
620 1092 917 1167 subscribebantur
938 1097 1026 1192 (29);
1048 1111 1086 1170 ut
1106 1097 1173 1170 alia
1189 1098 1247 1174 do

129 1228 286 1288 tumenta
297 1208 568 1310 exploratissima
580 1208 685 1283 missa
698 1208 838 1297 faciam,
856 1210 891 1282 in
909 1211 1033 1311 quibus
1047 1213 1148 1285 etiam
1161 1214 1246 1289 ritus

129 1325 367 1402 loecmbuntur
389 1325 433 1396 do
456 1323 588 1410 arrhis,
615 1323 726 1423 deque
748 1324 881 1412 anulis,
902 1325 1015 1426 iisque
1036 1327 1243 1417 benedictis,

129 1468 213 1544 quae
239 1441 275 1513 in
302 1439 517 1542 sponsalibus
542 1439 758 1512 tradebantur
778 1444 867 1538 (30).

192 1557 290 1632 Adeo
307 1583 386 1631 voro
404 1582 458 1630 res
475 1555 560 1629 haec
576 1581 711 1654 semper
732 1556 904 1656 explorata
921 1558 1003 1648 luit,
1023 1576 1062 1634 ut
1079 1562 1245 1636 innumeri

129 1699 229 1775 prope
259 1671 450 1746 habeantur
478 1698 625 1746 canones
656 1699 676 1746 a
701 1672 854 1747 conciliis
881 1677 1017 1763 statuti,
1053 1676 1088 1749 in
1120 1677 1245 1777 quibus

129 1786 223 1891 plura
244 1788 290 1861 de
313 1785 529 1888 sponsalibus
549 1785 776 1860 decernuntur
796 1787 928 1887 absque
943 1788 1013 1864 ullo
1031 1790 1074 1863 ad
1092 1790 1184 1888 leges
1200 1790 1246 1864 ci·

130 1904 214 1980 tiles
246 1920 421 2005 respectu,
454 1903 523 1977 imo
554 1901 679 2002 quibus
709 1902 801 2001 leges
829 1901 945 1978 civiles
977 1906 1189 2003 corriguntur
1212 1920 1246 1979 et

130 2021 359 2097 mandantur.
381 2019 420 2093 ld
438 2035 530 2120 patet
545 2046 586 2093 ex
603 2019 648 2094 iis
673 2018 859 2094 canonibus
881 2020 1007 2120 quibus
1029 2021 1246 2120 distinguun-

130 2151 179 2211 tur
202 2135 380 2239 sponsalia
398 2162 418 2209 a
435 2134 658 2209 matrimoniis
685 2135 789 2223 ratis,
814 2151 914 2234 prout
931 2136 966 2208 in
988 2137 1161 2212 nonnullis
1178 2138 1243 2210 im·

130 2270 319 2353 paratorum
343 2251 475 2350 legibus
500 2250 739 2351 spectabantur
759 2254 849 2348 (at).

192 2368 246 2442 Ex
272 2367 329 2442 his
347 2368 415 2441 iam
433 2367 573 2468 planum
599 2366 637 2439 fit
653 2367 736 2467 quid
754 2367 797 2441 de
814 2383 977 2467 perpetuo
998 2368 1162 2443 ecclesiae
1178 2393 1245 2444 usu

130 2500 153 2558 et
174 2485 296 2586 praxi,
326 2500 424 2584 pmut
447 2483 567 2558 ultimo
590 2482 664 2558 loco
688 2484 925 2559 constituimus
950 2485 1160 2559 sentiendum
1182 2484 1239 2559 sit.

130 2598 157 2673 i.
176 2599 382 2675 Ambrosius
403 2599 554 2699 loquitur
570 2599 614 2673 de
629 2598 816 2687 velamine,
840 2601 930 2700 quod
955 2629 976 2676 a
996 2601 1168 2703 sacerdote
1188 2599 1245 2675 be

130 2715 292 2791 redictum
311 2717 348 2788 in
366 2715 584 2816 sponsalibus
598 2715 792 2789 tradebatur
809 2719 898 2812 (32);
916 2717 1044 2819 dequo
1062 2718 1127 2791 ritu
1144 2716 1244 2815 louge

130 2846 197 2908 tnta
210 2832 282 2907 iam
299 2831 432 2907 locutus
445 2832 553 2907 suerat
564 2830 789 2905 Tertullianus
807 2834 898 2928 (33);
915 2851 1032 2933 postea
1043 2858 1123 2908 vero
1136 2858 1166 2906 s.
1183 2833 1245 2906 lsi·

186 3158 240 3224 (υ)
255 3159 331 3225 apud
342 3160 463 3211 nardulo.
477 3161 544 3211 Acta
554 3158 647 3210 coacti.
659 3161 747 3211 tomi.
760 3137 993 3225 uulpurronem
1003 3173 1122 3212 caaonan
1131 3159 1163 3209 ci.
1177 3171 1241 3222 quae

130 3237 212 3293 ruse
230 3238 331 3305 scripsit
339 3239 407 3291 card.
421 3237 453 3291 de
468 3240 570 3304 aguirre
585 3239 691 3290 collect.
709 3244 828 3293 mumma
842 3241 936 3293 concil.
952 3244 1070 3292 omnium
1084 3239 1243 3304 topantcor.

131 3330 178 3371 Ι.
189 3320 211 3371 1.
224 3333 282 3385 pag.
304 3325 350 3371 cto
365 3331 435 3384 seqq.
447 3319 480 3370 cl.
493 3320 552 3370 itam
569 3316 757 3383 Albaspiuacnm
772 3322 799 3370 in
815 3322 881 3372 huuc
900 3320 1006 3372 eundem
1022 3331 1110 3369 canon.

186 3399 241 3464 (2⁹)
253 3405 338 3453 setta.
355 3406 393 3451 io.
404 3413 430 3450 n.
440 3407 476 3452 tt.
488 3401 547 3451 item
558 3413 637 3451 sena.
648 3405 721 3451 aaa.
733 3405 757 3451 7.
768 3406 894 3452 renuti.
904 3414 930 3452 n.
942 3408 981 3453 tt.
993 3402 1106 3451 asam.
1118 3405 1172 3450 tut.
1181 3411 1207 3450 n.
1217 3401 1241 3450 i.

131 3477 155 3531 Ι.
166 3481 249 3531 laur.
264 3479 292 3528 in
306 3479 354 3530 hoc
364 3481 488 3543 postremo
499 3492 612 3530 sermone
623 3492 737 3543 expresse
745 3479 832 3530 scribit
841 3493 863 3530 a.
875 3480 979 3530 Doctor:
997 3497 1010 3524 ι
1017 3481 1110 3530 varum
1124 3479 1174 3529 ut:
1186 3477 1241 3529 istis

131 3556 209 3610 Mb
227 3558 376 3623 nucupait
394 3562 558 3624 episcopus.»

184 3638 243 3703 (to)
257 3639 298 3691 (ti.
315 3641 418 3690 Manen.
432 3642 470 3690 De
486 3642 604 3705 antiquit
621 3638 711 3691 metes.
726 3639 823 3690 rtttbrts
841 3639 885 3690 lib.
895 3641 915 3692 i.
928 3652 982 3705 cap.
992 3641 1036 3690 tx,
1051 3652 1087 3690 ar.
1097 3644 1121 3690 t.
1131 3649 1177 3689 nec
1192 3648 1243 3689 non

131 3718 237 3770 inim
255 3716 283 3769 ln
300 3718 462 3783 Eucbclooto
477 3731 564 3782 ornae.
585 3722 613 3769 tu
630 3717 718 3782 officio
735 3721 766 3770 tn
784 3719 952 3783 apparatibus
971 3731 1025 3785 pag.
1039 3725 1094 3771 88⁰.
1111 3718 1174 3771 Item
1186 3718 1241 3768 Bia·

131 3797 192 3860 fin
210 3801 314 3864 ortpta
335 3801 391 3849 stuc
411 3801 537 3864 antiquit.
553 3799 697 3850 molestati.
710 3799 753 3850 lib.
772 3802 848 3850 xxti.
862 3812 916 3864 cap.
932 3802 975 3851 111.
987 3799 1011 3865 §.
1027 3807 1038 3852 1
1052 3811 1123 3863 seqq.

187 3878 241 3944 (tt)
256 3878 298 3930 ci.
315 3881 412 3943 Lupum
432 3879 511 3931 actiui.
532 3881 557 3931 in
574 3879 865 3931 ammonianum
881 3880 1004 3944 Truilani,
1022 3879 1066 3930 ubi
1081 3879 1145 3930 inter
1163 3879 1242 3930 catera

131 3958 218 4010 alluit:
236 3979 250 4004 ι
260 3959 340 4010 Etiam
356 3960 479 4023 sponsalia
495 3973 591 4024 sempor
606 3963 786 4011 consueverunt
800 3962 826 4010 ln
841 3961 945 4012 ccclesia
965 3960 1030 4025 θεὼ
1047 3958 1160 4010 bouefflol
1175 3971 1241 4010 aaa·

131 4036 231 4102 niatu,
253 4049 308 4089 atae
326 4051 438 4090 summae
454 4039 624 4104 obligationis:
647 4041 684 4091 uti
700 4041 825 4104 liquatos
846 4052 901 4092 cau.
922 4043 964 4092 ix.
982 4053 1119 4105 ancyrano.
1134 4041 1160 4092 et
1179 4042 1243 4091 Ην.

131 4117 272 4170 Mune
284 4136 298 4162 ι
318 4131 375 4182 opp.
391 4118 431 4170 ed.
446 4121 534 4170 venet.
547 4124 616 4172 litt.
633 4121 694 4170 tom.
708 4122 750 4171 tlt.
768 4135 793 4184 p.
810 4127 863 4172 iot.

185 4198 238 4262 (aa)
254 4197 310 4249 nit.
322 4200 360 4249 lic
369 4200 627 4266 rustitvtrotmp.
637 4202 715 4251 xvii.
725 4207 803 4253 nica
816 4212 869 4264 seq.
878 4201 918 4252 ed.
930 4203 1238 4266 trinutumnpagort.

131 4279 142 4330 t
158 4276 220 4331 itu
242 4278 286 4330 lib.
298 4281 338 4330 Do
354 4278 460 4330 niort.
473 4282 592 4344 otrotntt.
609 4293 632 4330 c.
647 4282 690 4331 vt.
705 4294 731 4330 n.
746 4281 1037 4345 nemorosorum.

185 4358 281 4423 (attin
297 4359 341 4410 un.
358 4362 398 4411 Da
415 4358 523 4411 achad.
541 4360 691 4426 otrotuttur
702 4374 757 4426 rap.
777 4363 892 4426 xlseqq.
1145 4441 1167 4484 ἡ
