2804 5062
152 383 222 452 100
392 401 453 450 ιιι.
475 401 511 449 ιι.
531 398 618 448 snnr.
636 399 659 446 ι.
680 397 720 447 ιιι
746 396 872 446 rorrsr.
894 393 1019 445 anunm.

151 521 287 621 quidem
307 519 425 618 dispar
440 516 583 591 obtinuit
600 516 633 587 iu
653 514 794 589 ecelesia
809 514 898 587 eirca
916 513 1000 586 baec
1017 511 1141 609 agendi
1159 513 1231 587 ratit

151 638 233 709 Nam
252 635 362 736 quoad
379 634 447 706 iam
464 647 652 717 eontracta,
672 630 735 704 etsi
754 629 911 731 primitus
930 643 1100 727 receptum
1119 628 1231 704 tuisse

150 768 187 831 ut
212 750 419 825 solverentur
443 747 535 819 iuxta
555 772 720 820 canonum
747 745 879 818 decreta
902 770 941 817 ac
966 743 1161 843 pontificias
1184 768 1231 818 aar

151 866 278 938 ctiones
292 866 364 959 (32)
381 892 389 948 ;
405 878 550 934 attamen
568 861 645 933 lieet
663 887 756 945 raro,
773 859 955 932 identidem
975 858 1231 932 tolerabanturs

150 980 341 1078 episcopis,
367 976 564 1077 praesertim
582 976 616 1047 in
640 974 791 1048 conciliis
815 973 1102 1072 provincialibus,
1126 989 1184 1046 aut
1200 999 1231 1046 nr

150 1092 333 1166 tionalibus
350 1149 357 1178 ‚
378 1092 407 1164 si
425 1091 473 1164 ita
488 1117 610 1164 causae
627 1089 774 1186 gravitas
791 1087 1014 1187 exposcebat,
1037 1105 1074 1160 et
1090 1088 1231 1163 sanabat

151 1222 224 1292 tur,
244 1230 303 1279 seu
331 1205 490 1278 relaxatio
507 1202 650 1276 dabatur
672 1205 761 1297 (33).

222 1321 294 1393 Non
327 1336 436 1392 tamen
463 1317 647 1417 putandum
679 1333 730 1390 est
755 1316 931 1417 episcopos
958 1317 1030 1390 sive
1059 1317 1231 1415 singillatir

150 1449 338 1534 spectatos,
360 1435 433 1508 sive
449 1449 665 1531 congregatos
684 1434 718 1504 in
743 1432 895 1507 conciliis
921 1433 969 1504 ita
985 1458 1022 1506 se
1048 1434 1231 1530 gessisse-i

151 1549 334 1650 probandis
351 1563 409 1621 aut
420 1545 601 1621 tolerandis
614 1546 778 1644 coniugiis
795 1572 871 1620 oum
889 1546 1131 1644 impedimento
1144 1547 1231 1648 aliqu

146 1663 245 1736 initis
269 1662 398 1763 absque
415 1661 484 1735 ulia
502 1688 522 1735 a
547 1687 629 1735 rom.
652 1661 810 1760 pontifice
822 1661 1047 1760 dependentia
1063 1677 1124 1735 aut
1137 1686 1231 1736 usses

150 1802 209 1853 sus
227 1778 367 1852 influxu.
388 1779 471 1852 Nam
490 1781 524 1849 i.
545 1777 712 1850 interdum
729 1801 815 1851 rom.
836 1777 1015 1876 pontifices
1031 1778 1231 1875 ipsumam—ar

216 2030 268 2093 (tl)
283 2028 355 2087 Quod
371 2032 400 2080 ut
415 2027 540 2079 nonnullis
554 2027 672 2091 exemplis
686 2026 858 2077 conirmcmus
872 2026 1077 2088 ordinabantur,
1088 2025 1125 2076 ita
1139 2026 1231 2079 ruth

152 2110 199 2161 init
210 2109 238 2161 in
256 2109 362 2161 concssio
378 2108 503 2172 agamenu
521 2121 561 2158 an.
579 2115 634 2160 nto.
652 2120 707 2159 cen.
727 2108 791 2169 xit..
809 2119 904 2157 necnon
922 2120 939 2157 a
957 2109 1126 2159 inaunevlu.
1147 2108 1176 2159 in
1187 2108 1231 2173 a!

151 2190 256 2240 relatae
274 2189 390 2238 Gratiano
408 2200 463 2251 cap.
482 2191 521 2238 ⁴7.
543 2200 616 2236 eausa
637 2194 674 2238 tit.
687 2200 712 2249 q.
728 2195 751 2236 n.
768 2186 826 2236 item
842 2185 874 2236 ab
883 2185 1021 2236 Alexandro
1033 2186 1065 2236 li.
1076 2199 1132 2249 rap.
1144 2188 1183 2237 7⁴.
1198 2180 1231 2237 tii

149 2267 284 2331 monimus
303 2265 423 2330 dirempta
440 2264 553 2328 coniugia
568 2264 632 2314 maie
651 2264 712 2314 inita
727 2277 768 2314 an.
784 2271 838 2316 stt.
856 2264 939 2314 luditis
951 2263 1040 2315 viduae
1056 2264 1231 2329 atilaldniaie

148 2347 260 2398 eamdem
281 2344 405 2411 rapuerat
421 2348 453 2397 at
470 2358 510 2396 an.
529 2349 583 2396 att.
600 2345 731 2401 amalarici
754 2345 927 2397 hannoniensis
941 2345 1039 2397 comitis
1059 2347 1167 2411 attitiae
1182 2349 1231 2411 tu

149 2428 247 2478 comitia
261 2426 437 2476 cameracensis
450 2424 496 2474 tub
510 2425 625 2474 animno
640 2424 802 2476 mmersrensi
816 2425 942 2489 epitrope,
954 2426 996 2490 qui
1008 2426 1165 2478 nullomodo
1178 2424 1231 2479 inda

149 2507 229 2571 potuit
248 2506 300 2556 aire
319 2504 406 2566 minis,
426 2505 478 2554 rive
498 2504 624 2568 promissis
644 2503 675 2555 ad
700 2504 763 2555 iilud
782 2506 922 2568 coniugium
947 2504 1121 2570 sanciendum,
1141 2508 1171 2556 nt
1190 2506 1231 2558 reli

149 2587 290 2638 Baiderieus
305 2586 455 2640 tornacensis
476 2586 605 2649 episeopus
622 2586 666 2636 lib.
682 2589 702 2639 t.
721 2600 775 2651 cop.
796 2592 833 2639 78.
845 2591 910 2638 ·ιιι.
923 2593 977 2640 tit.
996 2587 1101 2639 (tonsilis
1116 2587 1231 2641 ncfflid

149 2666 216 2731 angli
236 2666 279 2729 qui
297 2665 401 2715 duxerat
416 2664 463 2714 sibi
483 2666 686 2728 consanguineam
701 2667 747 2716 sub
762 2681 782 2718 s.
796 2670 936 2732 numiano,
956 2667 998 2732 qui
1015 2669 1106 2731 penten
1126 2681 1231 2737 numqui

148 2745 238 2797 adduci
254 2745 333 2809 potuit
349 2745 376 2794 ul
390 2744 509 2795 incestum
525 2746 664 2808 coniugium
680 2746 806 2809 probaret,
817 2748 845 2796 ul
860 2746 995 2797 reterteius
1011 2745 1161 2812 biographus
1175 2747 1231 2799 (irbi

146 2825 202 2888 tm,
220 2825 266 2889 qut
285 2837 308 2876 ι,
321 2823 442 2875 nummi
457 2827 512 2875 sco
526 2827 641 2875 annu.
658 2825 806 2889 mantare.
819 2831 889 2877 ιιιο
900 2830 956 2878 ιιι.
968 2827 1068 2877 nanu
1079 2831 1105 2878 er
1116 2816 1231 2880 ιιιιιιιιι

131 2962 134 2969 ,
148 2918 207 2971 gae,
218 2918 295 2970 grum
310 2905 412 2957 iliesibi
430 2905 456 2957 in
468 2919 569 2957 uxorem
584 2907 720 2958 adsciverat
729 2908 775 2958 etsi
786 2909 944 2959 monasticam
955 2907 1031 2958 sitam
1045 2908 1156 2972 professa
1166 2908 1231 2969 inias

146 2991 193 3038 Αιι.
208 2992 276 3036 1885.
286 2985 394 3049 idipaum
405 2985 506 3049 contigit
515 2985 580 3035 cirea
590 2986 727 3049 conionum
739 2988 870 3037 Hermanni
880 2987 1038 3050 Regis,quod
1050 3001 1065 3037 a
1077 2988 1231 3052 Gregoricvi

147 3065 295 3128 diremptum
313 3068 358 3115 eat.
371 3064 444 3115 Plura
453 3065 621 3128 aliaexempla
635 3067 767 3116 occurrunt
776 3066 951 3128 dirempturum
963 3065 1231 3131 eiusmodiconiugioru

146 3143 212 3209 apud
222 3146 321 3195 ivonem
330 3145 499 3194 carnotensem
514 3144 669 3208 episcopum,
680 3157 754 3208 quem
765 3148 934 3196 commonear
944 3145 1091 3207 geldorensi
1103 3150 1231 3210 nnumin

148 3223 285 3288 appellant,
306 3224 404 3287 quique«
413 3223 496 3273 liomit
507 3222 558 3275 sub·
569 3226 611 3274 iti.
622 3237 670 3275 sec.
684 3225 757 3276 finan
771 3238 800 3274 ac
809 3225 933 3288 seqarentia
944 3225 1024 3275 initia.
1036 3227 1077 3276 ci.
1089 3227 1231 3292 dusdunq

146 3303 224 3355 stolas
239 3304 270 3354 da
285 3304 376 3367 quibus
390 3306 479 3355 lterum
496 3303 585 3354 redibit
595 3316 684 3354 sermo.

215 3384 266 3446 (tt)
280 3386 318 3433 ila
331 3383 452 3435 eiusmodi
471 3384 524 3435 aire
545 3384 741 3448 dispensatione,
762 3383 815 3434 sire
830 3384 863 3434 ob
880 3385 1036 3446 gravissimas
1055 3398 1144 3437 causas
1164 3386 1231 3450 aba

148 3462 229 3524 scopia
254 3464 297 3512 aul
321 3464 465 3514 aconciiiis
488 3464 677 3527 provincialibus
697 3463 807 3513 adbibita
831 3463 981 3526 induigentia
1001 3477 1044 3514 teu
1067 3464 1231 3517 diuirudaiia

148 3544 258 3605 respectu
277 3541 340 3592 maie
362 3543 479 3593 luiturum
500 3543 668 3607 conlugmrurn
693 3532 811 3592 nonnulla
830 3543 855 3592 in
877 3543 1038 3606 praecedenti
1053 3544 1161 3595 uticalo
1182 3556 1231 3595 aaa

146 3621 187 3685 pia
205 3620 369 3684 praebuimus.
392 3623 488 3680 Quibus
511 3623 569 3674 addi
592 3625 671 3687 potest
693 3623 877 3688 quod-gestum
901 3626 938 3673 ast
957 3625 982 3673 in
1004 3625 1144 3687 agathensis
1163 3623 1231 3677 cnaei

146 3711 187 3750 an.
199 3706 253 3750 tot.
265 3699 379 3749 celebrati
391 3700 525 3751 monibus
534 3701 667 3764 addititiia,
680 3715 734 3752 can.
744 3705 805 3752 bxi.
815 3715 887 3765 quem
898 3701 1025 3765 adoptarit
1034 3715 1105 3752 rone
1121 3706 1231 3764 Εμοιιιιι

146 3792 186 3830 an.
198 3783 252 3832 ⁸17.
262 3792 317 3830 can.
331 3780 407 3829 xxii.
423 3779 522 3829 iteruin
542 3793 612 3830 conc.
629 3781 789 3833 aurelianensi
801 3784 843 3830 ΙΙΙ.
856 3795 896 3830 an.
907 3788 960 3831 588.
980 3794 1034 3833 oen.
1049 3783 1093 3843 xa
1108 3793 1157 3832 nac
1170 3792 1220 3834 nen

52 3880 54 3886 >
146 3858 312 3924 congredienti
330 3872 370 3909 an.
380 3864 434 3910 887.
444 3871 498 3910 ean.
509 3861 529 3910 1.
539 3847 663 3922 inquibus
677 3861 791 3911 omnibut
801 3862 861 3911 dum
872 3862 1054 3915 matrimonium
1065 3862 1092 3911 in
1100 3866 1192 3925 quarto
1203 3869 1231 3914 ab

142 3939 313 4002 ungiminis
332 3938 408 4003 gradu
426 3939 578 3990 ccntmcnun
596 3941 729 4004 toleratur,
747 3954 778 3992 ne
790 3943 815 3991 in
833 3944 957 4005 posterum
973 3942 1136 3993 commitatur
1150 3942 1231 4007 praa!

128 4021 187 4068 tur
204 4021 230 4069 at
249 4019 347 4068 irritum
366 4019 512 4070 declaratur.
534 4020 801 4083 Longrrm'nirnlsusset
816 4021 1231 4085 neicstngtitattnsxanptaaus

146 4108 211 4161 quac
228 4098 349 4150 monadi
370 4100 539 4164 coniugiorum
556 4101 687 4150 oecurmr'rt
703 4110 754 4153 tec.
775 4105 817 4155 xt.
836 4105 863 4152 et
878 4102 934 4152 itti.
955 4102 1070 4165 ideoque
1087 4103 1231 4153 iacturam

145 4178 267 4229 mittimus
278 4178 310 4228 ad
321 4180 443 4233 enrditam
454 4184 492 4232 tle
506 4184 685 4245 cpiscoporum
701 4185 731 4232 tn
746 4181 1082 4246 dtrpemnttonwusrupar
1096 4185 1231 4233 matrum

146 4255 334 4320 impedimus
347 4261 477 4322 potenteis
486 4258 704 4310 cumrerum.
714 4261 845 4312 Famuline
856 4265 923 4313 titt.
934 4273 999 4323 mnae
1006 4263 1044 4313 att
1051 4261 1086 4311 ci.
1098 4261 1231 4312 nerim

141 4346 203 4400 ‘capt
216 4336 235 4385 t.
248 4334 272 4399 ς’.
287 4344 307 4387 ι.
319 4346 345 4386 n.
357 4341 406 4389 78.
677 4374 680 4379 ,
825 4372 830 4385 ·
853 4382 854 4386 ,
948 4378 966 4391 »,
1033 4366 1036 4383 ι
1204 4363 1207 4367 ’
