2804 5062
144 366 189 436 lo
364 385 425 434 mn.
446 383 486 434 u..
504 383 590 434 sacr.
612 383 634 432 r.
652 382 691 431 nr
709 383 835 431 rorrsr.
858 381 982 432 aconas.

144 503 355 604 implorarat,
380 517 479 600 atque
503 500 547 574 ob
572 499 688 574 oculos
711 497 814 572 veluti
840 498 1020 574 subiiceret
1044 503 1184 598 gratiam
1212 505 1254 576 il-

144 620 230 705 lam,
257 620 344 716 quae
368 616 493 690 foederi
521 615 662 716 nuptiali
688 615 794 703 inest,
823 615 853 688 si
879 615 941 690 rite
970 616 1156 692 celebretur
1184 625 1195 715 (
1221 624 1248 714 ).

214 733 262 805 Ex
287 731 404 805 eadem
428 730 590 804 ecclesiae
613 729 809 804 auctoritate
831 746 1000 829 receptum
1027 732 1091 804 suit
1116 733 1159 804 ab
1186 734 1251 806 im-

142 845 374 930 memorabili,
401 848 447 919 ut'
469 846 557 921 iutra
589 845 770 919 missarum
796 844 984 933 solemnia,
1014 873 1074 921 seu
1107 848 1140 919 in
1176 850 1252 947 ipsa

143 961 300 1037 sacrificii
316 959 482 1034 oblatione
494 974 532 1034 ut
546 960 728 1060 plurimum
747 958 910 1032 inirentur
926 961 1099 1058 coniugia,
1116 979 1251 1060 peracta

143 1075 371 1162 confessione,
395 1090 495 1175 atque
514 1074 718 1148 eucharistia
743 1090 901 1173 percepta
933 1078 998 1170 (o).
1024 1073 1251 1148 Constitutum

144 1192 269 1290 pariter
293 1205 361 1278 est,
390 1205 428 1264 ut
452 1190 529 1264 nosi
553 1190 669 1289 sponsi
687 1216 747 1288 per
771 1189 921 1262 triduum
938 1190 973 1260 in
991 1191 1197 1263 continentia
1214 1217 1252 1265 se

145 1305 179 1377 in
194 1306 276 1380 tanti
289 1307 487 1380 sacramenti
500 1304 699 1404 obsequium
713 1330 754 1378 ac
767 1304 984 1377 reverentiam
998 1321 1170 1378 servarent
1181 1310 1246 1401 (6).

218 1418 301 1493 Cum
317 1444 396 1494 raro
423 1419 582 1520 temporis
607 1432 712 1493 tractu
740 1415 883 1491 ecclesia
911 1419 1138 1516 experimento
1162 1419 1252 1491 didi-

79 1565 80 1568 *
146 1535 250 1608 cisset
270 1534 398 1608 abusus
424 1534 537 1634 plures
556 1535 701 1634 irrepere
726 1534 760 1605 in
787 1533 978 1634 nuptiarum
1003 1532 1245 1620 celebratione,

145 1648 270 1722 lactum
301 1664 370 1735 ast,
397 1663 434 1722 ut
458 1648 611 1748 pluribus
644 1648 776 1746 legibus
801 1674 859 1721 eas
884 1649 1104 1723 communiret
1127 1650 1248 1748 quasis

148 1777 274 1851 aetam,
302 1779 340 1838 ut
364 1788 405 1836 ea
427 1790 496 1864 qua
520 1790 582 1863 par
604 1778 657 1837 ost
680 1764 855 1838 sanctitate
888 1763 1074 1849 inircutur,
1103 1763 1187 1836 adeo
1212 1780 1249 1835 ut

147 1879 287 1978 perenm
310 1896 390 1953 usu·
410 1877 552 1952 ecclesia
585 1894 781 1978 potestatem
807 1905 903 1953 suam
930 1879 964 1950 iu
990 1878 1247 1952 christianorum

147 1994 303 2090 coniugia
327 1993 437 2093 palam
463 1993 656 2069 ostenderit.

217 2107 303 2180 llinc
331 2108 462 2206 quoties
487 2106 602 2205 aliqua
627 2124 740 2182 exorta
764 2125 816 2182 est
832 2108 1065 2182 'controversia
1083 2106 1172 2180 cirea
1190 2106 1252 2179 ali-

147 2221 245 2294 cuius
268 2221 416 2320 coniugii
442 2237 614 2309 naturam,
633 2221 799 2308 valorem,
820 2221 1083 2319 legitimitatem;
1104 2247 1166 2294 uec
1183 2247 1249 2294 uon

146 2334 236 2409 cirea
261 2336 453 2436 sponsalia,
477 2335 721 2437 separationem
746 2335 847 2408 otiam
873 2334 985 2434 quoad
1012 2351 1140 2421 torum,
1168 2333 1252 2407 alia-

145 2459 211 2550 que
236 2451 425 2538 eiusmodi,
454 2453 552 2525 toties
577 2450 762 2550 reperimus
787 2449 879 2523 illam
907 2449 1014 2524 fuisse
1039 2450 1081 2524 ab
1106 2449 1249 2524 ecclesia

144 2564 354 2651 discussam,
374 2580 475 2665 atque
492 2567 663 2639 definitam
679 2566 744 2662 (l).
760 2565 860 2639 Plura
878 2566 956 2639 item
975 2565 1159 2665 antiquitus
1173 2590 1253 2639 oon-

145 2679 263 2753 stituta
289 2697 368 2754 sunt
390 2681 479 2754 circa
503 2682 675 2770 secundo,
703 2682 824 2768 tertio,
852 2680 1060 2781 ulteriusque
1089 2683 1249 2781 repetitas

147 2793 306 2893 nuptias,
333 2820 421 2894 quae
449 2794 608 2896 deinceps
640 2795 759 2895 partim
793 2796 966 2868 immutata
997 2810 1098 2881 sunt,
1126 2794 1248 2893 partim

146 2907 380 2984 obsoleverunt
403 2912 467 3005 (8).
489 2910 543 2982 Sic
567 2909 663 3011 plura
685 2911 815 2985 sancita
840 2925 918 2983 sunt
943 2909 1033 2984 circa
1057 2926 1190 3009 tempus
1219 2926 1252 2984 et

145 3020 253 3097 locum
279 3023 402 3122 quibus
427 3024 620 3122 coniugium
647 3026 724 3098 iniri
750 3029 895 3126 posset(
920 3029 949 3119 ).

218 3229 254 3292 (t)
266 3229 381 3293 Plerique
386 3229 504 3280 mucii
512 3231 574 3281 ritirs
583 3231 673 3280 iamdiu
684 3231 825 3281 obtinebant
834 3232 860 3281 tn
870 3231 963 3295 nuptiis
969 3231 1134 3282 Hebraeomm
1141 3233 1253 3283 etatum·

144 3320 319 3372 eorumquae
327 3309 431 3361 seciam
440 3309 544 3361 edomuit
552 3323 582 3361 oo
591 3309 761 3362 munufloevit.
772 3310 810 3361 ct.
821 3312 929 3362 Mostene
938 3313 977 3363 De
989 3315 1092 3378 curas.
1103 3313 1166 3364 croi.
1177 3314 1251 3364 rtttt.

146 3385 190 3436 lib.
203 3389 223 3436 1.
234 3401 257 3438 e.
268 3390 310 3438 ix.
323 3392 374 3439 not.
387 3397 401 3440 ι
412 3393 437 3440 et
447 3395 470 3441 t.
481 3390 597 3441 Goarium
616 3391 642 3440 in
659 3389 819 3454 Euebclcctc
839 3393 890 3442 not
910 3392 936 3442 in
951 3391 1071 3456 officium
1088 3396 1250 3450 comitatior.

144 3480 169 3531 p.
181 3471 224 3518 tat
235 3479 304 3530 seqq.
315 3471 336 3517 1.
347 3472 376 3519 Α.
386 3470 524 3521 Fmriciom
533 3471 560 3520 io
569 3471 769 3536 Bibliooroptrto
780 3474 935 3537 antenoris
945 3486 999 3537 cap.
1009 3478 1061 3525 xx.

218 3545 254 3610 (5)
269 3548 432 3599 Tertullianus
442 3551 467 3599 in
478 3551 521 3600 lib.
533 3553 552 3600 ι.
563 3550 603 3601 sd
612 3564 689 3601 seor.
703 3565 757 3615 cap.
769 3554 803 3601 lx
823 3552 871 3602 iam
884 3553 995 3604 meminit
1004 3552 1142 3605 oblationis
1152 3549 1177 3598 in
1188 3552 1250 3601 eele-

144 3625 255 3678 brntione
264 3628 413 3678 matrimonii
425 3628 515 3680 dicens:
524 3629 662 3693 confimat
669 3631 781 3692 chlotta-
789 3645 853 3695 quae
860 3634 933 3683 verba
942 3633 1044 3684 omnino
1051 3628 1151 3691 intelligi
1162 3629 1251 3681 debera

143 3707 175 3757 rie
185 3707 304 3757 sacrificio
315 3708 402 3757 missae
410 3711 435 3757 et
443 3709 614 3759 communione
624 3710 730 3759 ostendit
739 3711 913 3774 albaspinaeus
924 3712 948 3760 in
959 3711 1025 3761 notis
1034 3708 1066 3759 ed
1078 3709 1143 3758 bono
1156 3708 1246 3758 locum.

216 3787 252 3849 (ι)
266 3789 303 3836 De
312 3799 363 3850 que
371 3787 521 3838 continentia
533 3788 586 3838 urse
596 3788 682 3838 scribit
691 3789 825 3840 morantia
836 3791 884 3841 loe.
893 3791 938 3841 cit.
947 3803 969 3839 c.
983 3791 1025 3838 lv.

216 3866 251 3929 (⁷)
264 3866 414 3930 cernuum
422 3856 751 3933 permisceaturque
761 3869 1015 3936 morasmoras
1026 3865 1249 3930 quaomnia.

143 3945 255 3996 croniet.
267 3946 336 3997 Paris
348 3953 416 3999 ¹8⁵⁰.
425 3952 486 3999 torn.
498 3948 572 3998 deur.
583 3948 626 3998 liv.
638 3952 658 4000 1.
670 3949 692 4014 §.
702 3952 832 4015 cixpeg.
842 3957 896 4003 toa.

218 4025 254 4088 (sl
269 4028 335 4077 liaeo
346 4028 429 4079 omnia
443 4029 546 4079 collecta
563 4032 621 4079 tunt
637 4030 703 4094 aprrd
719 4031 834 4082 cirsrdon
846 4034 911 4082 ittet.
921 4030 966 4080 der
976 4040 1121 4081 acerem
1132 4031 1192 4082 tom.
1205 4033 1246 4080 vt.

145 4105 215 4156 illst.
224 4103 262 4155 dar
275 4108 392 4170 mneos
400 4107 440 4157 cb.
454 4110 495 4158 iv.
507 4110 553 4159 art.
566 4115 588 4160 ι.
597 4111 622 4159 et
630 4116 652 4160 ι.
661 4122 692 4159 ex
703 4110 793 4172 quibus
804 4113 871 4175 patet
880 4123 895 4161 a
905 4108 1029 4160 nonnuliis
1044 4109 1147 4174 puratis
1159 4112 1186 4160 et
1196 4123 1249 4173 par·

142 4183 286 4236 iioularibns
297 4185 408 4237 eoelesiie
417 4187 540 4238 interdum
552 4191 659 4239 erratum
667 4190 751 4241 tuisse:
761 4203 839 4253 crare
844 4202 908 4254 ques
917 4188 949 4238 ab
958 4189 1018 4253 ipsis
1025 4201 1150 4254 perperam
1160 4190 1247 4240 mmo·

141 4261 193 4313 loia
204 4265 261 4314 snat
271 4265 309 4315 rei
319 4263 351 4314 ab
359 4265 463 4316 emissis
474 4270 596 4330 universa,
613 4267 652 4318 vei
664 4280 680 4317 e
692 4281 753 4319 rom.
767 4267 923 4331 pontittriboe
935 4269 993 4318 sont
1002 4267 1141 4319 menime.

217 4342 252 4406 (a)
267 4343 328 4394 ibid.
341 4344 412 4408 nbap.
423 4347 466 4398 iii.
856 4356 859 4361 ·
950 4356 953 4362 “
